3008 4830
104 702 183 779 φο
338 754 341 761 .
476 676 640 815 μμωῑα
662 674 792 778 neos.
816 674 934 781 casn.

162 858 195 961 ς.
220 848 490 952 xL1.·Re1iqua
512 858 698 951 dogmata,
724 855 770 929 de
795 852 1031 933 samnuione
1047 852 1203 944 Christi,
1225 851 1315 951 gratia

118 972 385 1063 regenerante,
400 973 437 1027 et
461 952 721 1061 sandiificante,
745 953 790 1027 de
812 952 1056 1040 sacramentis,
1081 970 1121 1024 et
1136 952 1214 1027 aliis
1227 968 1318 1024 mate·

122 1052 205 1140 riis,
229 1072 310 1123 cum
337 1047 404 1122 surs
426 1048 514 1121 locrs
537 1046 678 1144 postea,
704 1046 886 1156 qccalione
910 1048 988 1158 sese·
1009 1048 1207 1160 qffereqte,
1231 1068 1322 1141 expo

124 1147 248 1223 siturus
272 1143 358 1233 sun,
389 1144 535 1217 verbum
560 1145 606 1217 de
629 1140 752 1216 studus
768 1144 1045 1240 Phylosophrcrs
1061 1141 1323 1217 Christranurum

124 1243 339 1346 subjungam.
386 1240 523 1349 l’lacuit
547 1238 583 1347 in
609 1237 735 1346 primis
757 1240 872 1328 Plato,
906 1260 946 1349 ut
969 1262 1018 1351 err
1043 1238 1220 1351 Epistolis
1239 1237 1324 1349 Sido·

124 1335 177 1449 nii
200 1336 413 1434 Apollinaris
427 1334 621 1502 ,elucescqtq
641 1335 981 1502 liqguelruntdeuam
1002 1358 1168 1503 quqqorlq}
1191 1335 1325 1444 lfflatonr·

125 1454 363 1617 illaqiiillss
381 1447 755 1635 ls¹lttla⁰⁰lntf
769 1450 1328 1635 “lasessi{}1?¹qssqs{'¹i¹lisl

128 1627 217 1700 teles
240 1624 277 1697 in
302 1640 419 1717 pretro
442 1619 533 1707 elle,
560 1641 640 1691 cum
683 1620 753 1691 uod
771 1618 995 1730 Orrgenrstae
1011 1643 1053 1693 ac
1071 1623 1251 1718 Pelagianr
1265 1640 1329 1692 ute·

129 1743 251 1796 rentur
275 1719 435 1804 Platone,
463 1735 536 1824 turn
562 1713 599 1786 in
623 1641 936 1824 diiputationrlsus,
970 1739 1062 1826 quae
1083 1716 1156 1791 hoc
1174 1734 1330 1827 ‘tempqre

127 1818 282 1913 agitatae
306 1813 402 1983 ffm'
442 1806 694 1981 drqrsronesset
717 1809 960 1982 drstruildqnes
999 1808 1202 1888 Aristotelrs
1234 1832 1329 1908 majo·

125 1930 307 2009 temptate
334 1926 569 1982 erentuum.
653 1929 770 2004 equo
793 1930 843 2004 po
893 1931 925 1983 a.

637 2094 844 2174 CULTUS.

176 2290 208 2394 §-
234 2292 345 2367 XLII.
372 2288 500 2386 objecta·
524 2288 637 2363 cultus
662 2282 842 2384 respeiiu,
866 2314 921 2364 res
936 2290 1062 2366 eodem
1081 2291 1119 2367 in
1140 2289 1228 2368 statu
1242 2312 1324 2367 nan·

128 2388 193 2481 srt,
217 2390 256 2464 in
282 2413 352 2484 quo
376 2387 443 2459 fuit
467 2384 582 2459 seculo
609 2386 864 2483 praecedente,
894 2390 952 2461 ubi
977 2389 1020 2461 de
1046 2388 1259 2481 sandiorum,
1279 2411 1324 2460 re·

127 2486 327 2582 liquiarum‚
354 2482 484 2570 crucis,
510 2481 637 2569 nimia,
665 2483 746 2575 quin
765 2481 1019 2573 superstitiosa,
1036 2486 1264 2560 veneratione
1279 2482 1323 2555 fu·

128 2582 195 2653 srus
219 2574 377 2665 differui,
420 2578 592 2649 nonnullis
616 2598 754 2668 quoque
777 2577 880 2668 hujus
912 2579 980 2654 sec.
1015 2580 1226 2655 testimoniis
1257 2600 1320 2677 pru·

129 2672 258 2761 duiiis,
293 2696 396 2767 quare
421 2672 541 2764 paucis
567 2672 749 2761 defungar.
800 2672 938 2746 'l'estati
964 2676 1042 2748 sunt
1069 2696 1107 2749 et
1132 2680 1204 2751 hoc
1224 2676 1319 2752 seculo
1352 2732 1355 2741 .

130 2768 305 2857 Veteres,
336 2766 370 2838 se
393 2787 499 2836 unum
525 2764 634 2836 solum
658 2766 775 2837 colere
812 2788 850 2840 et
880 2772 1023 2844 adorare
1056 2774 1196 2865 Deum,
1235 2770 1323 2846 nullas

126 2885 300 2941 creaturas
323 2861 360 2934 in
389 2860 489 2932 coelo
515 2880 572 2933 aut
602 2878 712 2948 terra,
753 2857 806 2934 uti
831 2884 971 2959 practer
997 2886 1158 2941 autorem
1189 2890 1323 2943 comnen-

129 2967 210 3038 ttm't'
235 2961 272 3034 in
295 2955 543 3046 Matthaeurn,
585 2960 679 3028 inter
712 2981 821 3053 opera
851 2961 1043 3052 Ambrosri,
1087 2965 1149 3060 qui
1184 2963 1325 3039 Hilarius

128 3058 309 3132 Diaconus
330 3054 529 3144 Romanus,
555 3051 799 3127 Luciferianae
826 3056 957 3146 sedlae,
983 3078 1023 3131 ut
1046 3059 1106 3132 suo
1131 3061 1213 3135 loco
1235 3079 1324 3139 nota·

129 3153 188 3240 vi,
214 3150 395 3241 censetur,
428 3149 488 3248 qui
512 3172 653 3223 omnem
680 3152 952 3250 qualemcunque
983 3153 1179 3229 sanilorum
1204 3159 1327 3231 cultum

129 3248 334 3344 religiosum
360 3246 504 3341 rejicit,
542 3264 578 3317 et
602 3268 666 3316 nos
691 3267 762 3316 non
787 3245 857 3318 indi
885 3274 943 3322 ere
970 3249 1136 3324 ministris
1159 3254 1261 3345 Dei,
1291 3250 1329 3326 ad

128 3341 234 3440 iplius
256 3343 415 3416 favorem
440 3338 704 3429 inpetrandum,
728 3273 960 3435 demonfirat,
986 3370 1098 3443 eoque
1121 3345 1199 3441 ipso
1214 3347 1326 3424 funda·

126 3455 282 3517 mentum
308 3433 543 3510 invocationis
567 3431 760 3506 sanilorum
784 3436 944 3530 destruit,
968 3463 1106 3539 praeter
1120 3442 1256 3538 ipsum,
1280 3447 1328 3519 in·

156 3558 253 3625 uam,
286 3531 530 3626 Hieronymus
552 3546 676 3602 contra
703 3530 942 3626 nglontium,
968 3535 1184 3635 Augustinus
1210 3560 1331 3617 contra

129 3562 291 3708 {austum
313 3627 391 3698 XX:
418 3648 476 3702 21.
501 3626 546 3699 de
569 3621 722 3698 Civitate
740 3629 811 3704 Dei
827 3634 849 3705 l.
876 3634 935 3707 ult.
960 3657 991 3709 c.
1022 3660 1076 3708 10.
1103 3635 1219 3713 Serm.
1248 3660 1329 3733 273.

129 3723 322 3815 desandiis
345 3740 382 3794 et
406 3719 498 3793 alibi.
522 3720 599 3792 Leo
624 3720 680 3794 M.
713 3724 821 3800 Serm.
854 3729 991 3806 XXVI.
1049 3730 1198 3828 cyrillus
1230 3736 1332 3808 Alex.

126 3841 251 3897 contra
268 3816 393 3917 Julian.
410 3818 432 3891 l.
450 3816 518 3889 Vl.
566 3812 786 3896 Theodoret.
803 3842 925 3899 contra
944 3827 1079 3902 Gentes
1093 3829 1207 3903 Serm.
1228 3830 1332 3905 vm.

126 3938 168 3996 et
188 3919 225 3993 in
248 3911 345 4011 epist.
372 3912 414 3988 ad
439 3910 565 3985 Coloff.
617 3910 688 4010 Qui
714 3939 854 4009 omnes,
880 3920 915 3993 se
937 3921 1092 4015 sanctos,
1116 3946 1176 4002 aut
1199 3948 1329 4025 marty·

128 4038 205 4105 res,
228 4030 287 4085 aut
312 4010 469 4108 reliquias
492 4028 633 4098 eorum,
658 4010 820 4104 adorare,
845 4015 974 4093 diserte
999 4041 1150 4118 negant,
1174 4044 1215 4100 ut
1237 4045 1273 4099 et
1294 4019 1330 4096 se

26 4222 32 4231 ι
122 4106 171 4199 iis
194 4106 346 4206 Templa
369 4107 527 4205 erigere,
559 4121 623 4211 aut¹
645 4103 815 4205 sacrificia
837 4110 990 4210 offerre3
1021 4118 1220 4217 declarant,
1244 4122 1278 4197 se
1291 4119 1333 4195 in

1219 4238 1347 4304 comm
