3074 4838
153 714 237 797 524².
538 689 837 823 fflstoriassEccks.
861 690 978 794 Christ.

1 891 3 895 ·
155 875 304 948 fuerunt
337 869 581 968 frequentes'
613 868 701 943 Vid.
737 872 894 970 Vigilius
925 869 1109 967 Ta'pseusis
1145 876 1274 945 c'ontm
1310 867 1383 945 Eua

157 973 258 1069 tych.
278 970 301 1041 l.
322 971 350 1040 l.
369 990 401 1042 c.
428 989 461 1039 2.
488 982 525 1037 et
550 966 676 1040 11:10.
727 968 930 1041 Dolendum
954 966 1035 1039 sane
1060 965 1132 1057 est,
1160 987 1216 1040 tot
1244 983 1381 1055 motus,

159 1087 273 1141 tantas
293 1068 429 1152 turbas,
455 1083 520 1156 per
538 1083 665 1150 voces,
700 1084 737 1135 et
756 1063 884 1136 variam
905 1061 1113 1135 methodum
1138 1064 1382 1136 eandemrem

160 1158 404 1257 exprimendi,
446 1154 548 1230 suiffe
573 1155 787 1232 concitatas:
830 1158 973 1232 sedhic
1000 1156 1131 1231 fruetus
1166 1157 1219 1231 est
1252 1157 1380 1231 nimiae

125 1254 472 1355 praecipitantiae,
512 1275 578 1347 qua
616 1272 697 1326 aute
732 1256 915 1327 damnatur
955 1251 1102 1349 opinio,
1149 1277 1254 1350 quam
1282 1248 1381 1325 ‘reste

159 1372 198 1427 et
214 1348 377 1424 distincte
397 1349 616 1443 percipitur,
651 1369 713 1436 et,
737 1349 893 1422 factione
926 1347 1095 1439 formata,
1134 1347 1379 1446 consequentia

159 1469 238 1520 cum
273 1445 343 1540 ipsa
378 1444 550 1540 opinione
587 1442 859 1539 permiscentur,
911 1442 1060 1518 studium
1096 1468 1237 1542 quoque
1273 1442 1381 1533 festae

158 1566 225 1640 pro
249 1545 324 1633 zelo
344 1539 505 1615 veritatis
530 1558 567 1611 et
591 1539 675 1612 fidei
695 1540 857 1614 habetur.
967 1609 969 1612 a

477 1728 613 1805 FATA
637 1730 1065 1807 EUTYCHIANISMI.

203 1924 235 2022 ᾗ.
263 1923 449 1999 CXXVII.
475 1923 635 2000 Concilio
661 1922 968 2017 chalcedonense,
993 1920 1170 2024 quousque
1198 1900 1373 2013 historiam⁴

160 2019 199 2094 in
225 2022 303 2093 vita
328 2020 567 2117 Euthychetis
584 2024 752 2119 perduxi,
779 2027 862 2098 licet
888 2023 1024 2119 publica
1044 2023 1216 2099 Marciani
1241 2027 1375 2120 Inpera-

49 2114 52 2121 ’
158 2114 244 2188 toris
267 2115 453 2190 autoritate
478 2119 641 2206 firmato,
683 2122 777 2212 quod
806 2119 959 2194 edisium
985 2121 1096 2192 exstat
1122 2118 1267 2191 inustis
1302 2123 1373 2195 Cal·

156 2213 282 2287 cedon.
311 2235 347 2308 p.
375 2214 462 2298 111..
486 2213 604 2306 estque
633 2214 713 2285 satis
743 2214 922 2304 severum,
964 2239 1034 2310 quo
1057 2216 1172 2287 omnis
1199 2217 1305 2287 etiam
1332 2219 1376 2290 de

155 2306 250 2398 hisce
280 2307 455 2403 capitibus
492 2309 682 2405 disputatio
713 2308 963 2405 subgravibus
991 2313 1114 2404 poenis
1145 2310 1374 2406 prohibetur,

154 2403 462 2498 Eutychianismus
496 2426 567 2480 non
603 2424 739 2478 tantum
773 2429 844 2478 non
872 2406 922 2479 est
948 2403 1138 2500 repressus,
1173 2425 1233 2478 aut
1262 2431 1375 2481 motus

154 2498 285 2587 sedati,
311 2497 368 2570 sed
393 2501 498 2593 longe
524 2501 811 2574 vehementiores
836 2501 919 2575 fatti
945 2502 1042 2586 suut,
1077 2520 1113 2572 et
1136 2501 1288 2575 haeresis
1314 2526 1372 2599 per

154 2595 374 2687 AEgyptum
403 2613 440 2665 et
465 2595 652 2667 Orientem
672 2595 778 2692 longe
803 2597 943 2695 lateque
967 2595 1118 2691 dispersa
1136 2595 1198 2669 est.
1255 2603 1300 2673 In
1315 2603 1370 2673 Pa·

152 2687 314 2776 laestina,
351 2685 409 2759 ubi
445 2688 548 2782 primi
574 2709 690 2762 motus
719 2697 837 2765 exorti
865 2694 962 2780 sunt,
1003 2692 1167 2788 grassatus
1195 2691 1248 2765 est
1276 2697 1370 2768 The·

154 2783 315 2873 odostus,
358 2784 562 2857 Monachus
584 2785 846 2882 Eutychianos,
881 2791 923 2861 ab
949 2787 1129 2878 Eudoxia,
1181 2787 1372 2864 Theodosi

152 2878 367 2976 Inperatoris
390 2882 562 2975 quondam
591 2905 721 2969 uxore,
750 2903 834 2956 tunc
859 2885 1115 2978 Hierosolymis
1142 2884 1300 2973 versata,
1334 2905 1369 2958 et

153 2975 463 3053 aMonachorum
508 2977 789 3052 turbulentorum
832 2999 963 3064 turma,
1013 2979 1159 3072 adjutus.
1221 2983 1371 3092 Repieta

152 3091 239 3145 tunc
263 3069 332 3144 fuit
358 3072 544 3147 Palaestina
568 3098 632 3167 per
656 3076 826 3162 latrones,
842 3079 900 3148 ·ab
926 3074 969 3146 iis
1002 3074 1198 3164 excitatos,
1224 3077 1366 3151 seditio·

152 3165 275 3252 nibus,
301 3165 429 3262 rapinis
453 3189 489 3241 et
507 3169 685 3255 caedibus,
738 3169 914 3264 Juvenalis
956 3194 1092 3265 quoque
1126 3171 1365 3270 Hierosolym.

151 3282 190 3334 et
235 3266 394 3335 Domnus
428 3266 599 3338 Antioch.
656 3265 822 3361 Episcopi
864 3266 987 3359 fugere
1022 3268 1100 3340 sunt
1144 3269 1290 3360 coacti,
1333 3286 1367 3341 et

150 3357 375 3432 Theoaosns
392 3360 427 3429 in
452 3361 568 3434 locum
596 3360 776 3454 Juvenalis
801 3359 852 3432 est
877 3362 1037 3436 intrusus.
1091 3362 1162 3459 Qui
1186 3385 1307 3438 motus
1329 3368 1370 3439 ab

147 3478 229 3530 ann.
243 3476 327 3543 451.
350 3453 389 3523 ad
407 3478 436 3524 a.
461 3478 544 3550 453.
574 3456 766 3536 durarunt,
792 3457 931 3551 quando
956 3482 975 3530 a
1003 3461 1188 3531 Marciano
1212 3459 1292 3534 sunt
1316 3484 1365 3534 re·

144 3550 267 3651 pressi,
302 3547 505 3622 Theodosio
532 3552 614 3646 suga
640 3549 673 3622 se
700 3551 933 3641 subducente,
988 3554 1150 3648 Juvenali
1187 3555 1370 3644 restituto,

145 3669 185 3722 et
216 3643 404 3719 Catholicis
434 3648 622 3719 revocatis.
662 3647 749 3719 Vid.
771 3645 948 3737 Epistulae
970 3647 1143 3723 Marciani
1168 3651 1209 3721 ad
1242 3655 1367 3727 Maca·

146 3745 238 3817 rium
249 3741 507 3838 Episcopumet
525 3741 723 3815 Monachus
741 3743 890 3826 Seritas,
913 3745 1233 3840 utetadSynodum
1253 3750 1293 3821 in
1314 3753 1369 3822 Pa·

145 3838 288 3949 laestina
325 3858 571 3933 congregatam
597 3838 630 3910 in
650 3836 734 3913 attis
751 3838 910 3912 Chalced.
931 3840 1100 3914 Harduini
1122 3865 1155 3953 p.
1175 3841 1239 3917 Ill.
1290 3847 1378 3917 Era·

146 3934 853 4138 au,5¹1irrigaturum:
887 3957 1056 4105 tart
1079 3938 1286 4120 staua
1320 4032 1366 4104 a

143 4125 433 4234 catholicrsmum
447 4150 516 4224 per
529 4127 734 4205 Simeonem
753 4127 941 4226 Styhtam,
967 4150 1008 4205 ac
1031 4128 1281 4304 Euthylmli'um,
1305 4146 1371 4199 ce·

144 4232 149 4240 '
1082 4268 1089 4285 ›
1168 4244 1376 4301 eerrrmutn
