3008 4830
153 681 201 769 48
505 640 837 766 'reportatam
864 663 979 766 urrist.

153 851 212 927 sed
229 859 266 925 e't
283 865 407 924 eontra
425 844 674 921 Semi-arianos
689 846 853 940 aequalem
881 868 919 922 et
941 848 1093 939 eandem,
1125 849 1288 953 adeoque
1312 857 1372 935 Fi·

96 962 105 976 ’“
153 949 238 1022 sium
269 969 341 1018 non
366 963 503 1017 tantum
535 964 607 1014 non
641 941 710 1016 esse
734 943 839 1027 dupe
865 963 1007 1019 creatum
1024 948 1115 1049 quid,
1149 969 1187 1022 et
1218 949 1372 1051 §sapasim

151 1037 479 1134 asterius-esseutiae,
507 1055 544 1111 ut
566 1037 710 1124 Ariani,
736 1041 793 1112 sed
813 1062 879 1111 nec
903 1040 1030 1130 solum,
1057 1061 1094 1115 ut
1118 1049 1368 1144 Semi-anani,

150 1142 294 1235 spiceam
311 1137 433 1230 fituisis
455 1131 641 1223 essentiae,
667 1138 790 1207 verum
812 1136 1093 1232 ipoecutejusdtm
1112 1139 1266 1235 effentiae
1285 1170 1367 1222 cum

150 1238 264 1311 Patre.
313 1231 436 1306 Ariani
454 1229 654 1318 censebant,
679 1227 861 1304 essentiam
878 1235 958 1305 sisti
976 1232 1165 1330 essespecit
1182 1239 1359 1318 diversam

150 1355 170 1405 a
186 1329 314 1417 Patris,
335 1324 549 1400 Semi-ariani
569 1322 687 1419 specie
706 1325 847 1422 quidem
867 1327 1031 1418 similem,
1048 1353 1084 1404 at
1101 1356 1174 1405 nun
1189 1337 1339 1411 eandem
1349 1393 1363 1430 ,

150 1429 233 1525 quin
251 1425 460 1511 identitate,
484 1418 683 1519 graduque,
715 1419 938 1514 diffindam,
964 1424 1163 1501 Orthodoxi
1181 1450 1269 1504 vero
1281 1433 1365 1528 spe·

120 1531 122 1535 '
149 1529 199 1598 tie
222 1541 259 1597 et
285 1523 391 1614 gradu
414 1517 611 1614 aequalem,
636 1533 672 1587 et
691 1514 886 1593 indivisam.
938 1520 1022 1618 Quo
1048 1544 1079 1595 1.
1098 1523 1237 1597 ducunt
1252 1537 1366 1622 pnra··

149 1622 202 1696 ses
222 1626 307 1694 sisae
328 1612 497 1709 ffatim,
536 1632 582 1682 ex
611 1634 678 1706 qua
702 1612 808 1684 Filius
832 1612 883 1687 est
907 1637 1026 1704 natus,
1064 1625 1137 1715 μίας
1159 1626 1242 1699 iube
1263 1628 1362 1698 unius

148 1716 321 1813 offendat,
353 1719 427 1806 pier
451 1705 593 1791 θεὸτητος
623 1711 719 1779 unius
753 1706 904 1783 Deitatis
912 1737 927 1798 ,-
962 1734 1049 1805 quae
1080 1716 1209 1813 ubique
1240 1740 1362 1796 recur-

147 1830 241 1886 runt.
290 1808 428 1909 Quare,
459 1828 532 1879 non
554 1803 716 1876 contenti
743 1802 888 1895 dixisse,
921 1806 1048 1880 Filium
1074 1811 1144 1887 esse
1176 1810 1285 1888 Deum
1312 1839 1359 1890 ex

145 1908 238 1994 Deo,
280 1902 373 2014 quod
399 1899 522 1975 Ariani
549 1897 655 1972 etiam
680 1897 865 1973 admittere
896 1921 1081 1996 poterant,
1122 1929 1250 1981 vocem
1275 1917 1388 1991 ἰείη

144 2000 182 2075 in
208 2000 325 2098 specre
347 1996 526 2085 urserunt,
567 2012 606 2066 ut
640 1993 788 2089 offiium
810 1996 1016 2071 communio
1050 1999 1089 2074 in
1119 2002 1250 2078 divinit
1274 2031 1358 2104 per·

144 2093 239 2172 sonis
265 2093 534 2189 exprimeretur.
572 2086 668 2165 'Vid.
703 2091 868 2166 Athanas.
892 2092 936 2165 de
964 2095 1047 2188 Syn.
1079 2096 1166 2171 Nic.
1192 2100 1360 2180 decretis.

143 2189 254 2266 Usum
278 2209 395 2263 tamen
421 2187 485 2259 hac
503 2205 593 2258 voce
610 2182 748 2257 nonest
765 2186 955 2280 symbolum
974 2188 1233 2290 Hierosolym„
1259 2198 1361 2295 quod

144 2286 238 2395 apud
255 2279 522 2381 Cyrill.Hieros.
538 2277 670 2366 exstat,
686 2275 745 2374 qui
762 2279 870 2353 etiam
887 2282 1089 2380 simpliciter
1103 2287 1191 2364 dixit
1207 2310 1276 2368 cat.
1286 2293 1357 2371 Vs.

142 2379 270 2457 silium
295 2377 365 2453 esse
382 2380 530 2451 Deitatis
547 2390 703 2468 paternae
724 2381 927 2472 participem.
974 2380 1200 2458 Admiserunt
1215 2409 1359 2485 quoque

142 2475 316 2556 Catholici
341 2475 447 2547 Deum
463 2475 500 2544 dt
516 2472 605 2560 Deo,
631 2471 734 2542 sumen
750 2476 786 2544 de
802 2475 939 2562 lutuiue,
968 2475 1026 2548 sed
1045 2478 1170 2553 Ariani
1181 2482 1294 2556 *Deum
1311 2508 1357 2560 ete

146 2575 241 2662 Deo,
266 2571 421 2644 etlumen
448 2592 489 2641 et·
506 2567 640 2653 sumine,
666 2584 706 2638 ut
720 2587 877 2640 creatum
904 2589 1078 2645 tenerent.
1131 2577 1241 2674 Greg.
1257 2580 1353 2656 Naz.

142 2671 208 2744 Or.
229 2673 311 2756 56„
335 2663 395 2760 qui
412 2661 520 2735 etiam
538 2663 582 2735 de
599 2657 732 2733 unitate
749 2660 916 2736 essentiae
931 2670 1076 2764 egregie
1095 2669 1240 2747 testatur.
1262 2695 1357 2753 orat.

143 2786 230 2856 49.,
257 2780 349 2833 utet
365 2757 457 2832 Basti.
476 2759 532 2830 M.
556 2753 678 2829 hornis.
705 2756 790 2830 XV.
807 2757 851 2832 de
868 2761 937 2854 fide
960 2764 1069 2855 Oper.
1098 2783 1124 2839 t.
1150 2769 1198 2840 Is.
1251 2771 1356 2847 Idem

140 2883 176 2936 a.
193 2853 329 2933 evincit
353 2877 424 2928 vox
448 2856 581 2950 ipouetoe
605 2849 813 2945 tomooustos,
854 2879 955 2950 quam
990 2861 1158 2955 Symbolo
1187 2863 1355 2942 Nicaeno

137 2972 327 3054 propterea
366 2968 549 3045 tantopere
576 2947 731 3023 urserunt
768 2947 986 3024 inserendam
1017 2951 1098 3028 esse.
1153 2959 1211 3031 De
1253 2964 1354 3059 cujus

135 3053 241 3128 vocis
266 3046 401 3143 origine
428 3063 465 3118 et
490 3045 571 3121 fatis
593 3066 672 3118 cum
695 3044 743 3143 ad*
760 3043 829 3118 sec.
861 3045 925 3121 ΙΙΙ.
940 3048 1012 3143 jam
1031 3050 1188 3158 egerim,
1215 3073 1253 3128 et
1269 3056 1352 3154 pos·¹

51 3196 55 3203 ·
138 3165 200 3223 tea
236 3144 273 3220 in
299 3140 444 3219 historia
476 3144 562 3243 Syn.
590 3140 676 3218 Nic.
698 3161 856 3217 recurret
879 3144 1016 3218 occasio
1041 3146 1203 3239 dicendi,
1236 3151 1381 3227 notas·'

137 3243 176 3315 se
199 3264 293 3312 nunc
319 3240 512 3327 suffecerit,
526 3249 581 3311 ‘ea
602 3236 787 3313 secundum
805 3239 1005 3311 Catholicot
1024 3241 1173 3334 exprimi
1207 3245 1353 3344 ejusdem

136 3330 306 3410 essentiae
339 3333 645 3415 communionem,
679 3328 837 3419 opposite
862 3333 904 3402 ad
931 3332 1077 3430 {sigonem
1101 3342 1262 3433 alienam,
1312 3363 1353 3422 et

137 3427 282 3529 spetiem
300 3423 459 3518 fimilem,
484 3422 675 3497 essentiam.
696 3515 705 3529 ·
728 3420 815 3528 Vid.
840 3424 1002 3503 Athanas.
1027 3435 1071 3503 de
1094 3436 1243 3529 Synodis
1267 3439 1353 3514 Ari·
1380 3497 1387 3508 .

137 3531 224 3604 min.
250 3542 287 3595 et
319 3519 551 3606 Seleuciens.,
583 3516 643 3592 ubi
671 3516 858 3591 discrimen
889 3544 1018 3599 vocum
1043 3529 1212 3623 soutooufii
1234 3550 1265 3605 et
1291 3537 1348 3609 hu·

136 3616 280 3710 moiouſsi
310 3613 472 3690 distinete
497 3614 624 3695 tradit.
659 3609 696 3684 iss
723 3634 767 3683 00
791 3611 911 3704 situm,
954 3623 1045 3717 quod
1067 3627 1144 3697 haec
1169 3628 1211 3700 ad
1234 3632 1346 3726 quali·

132 3729 244 3800 tutet,
270 3713 328 3786 isla
348 3710 387 3782 ad
407 3707 587 3786 essentiam
606 3709 752 3783 eandem
778 3711 950 3800 respiciat.
1011 3719 1111 3794 Hinc
1127 3724 1349 3818 aequivalent

130 3807 325 3892 Athanasio
354 3813 508 3902 ὅμοεσιος,
531 3808 683 3902 spedistin
710 3806 865 3900 impertit,
891 3829 928 3881 et
945 3817 1089 3908 ὅμοφυνζς.
1145 3818 1279 3894 Similia
1300 3846 1347 3899 ex

134 3907 210 3988 aliis
236 3903 371 3979 adferre
396 3904 547 4000 possem,
590 3902 774 4007 stnecesse
798 3905 903 3977 foret.
955 3911 1039 3983 Nec
1071 3933 1187 3987 tamen
1222 3919 1347 4016 negati

133 3999 272 4108 potest,
304 3999 395 4072 hanc
419 3996 523 4093 ipsam
548 4020 675 4073 vocem
700 3997 823 4071 latiore
849 3998 992 4078 subinde
1023 4008 1119 4082 sensu
1151 4011 1276 4089 referri
1301 4013 1346 4090 ad

132 4097 333 4206 specificam
354 4093 534 4172 unionem.
582 4093 717 4188 Utique
742 4113 882 4190 praeter
896 4098 992 4176 Baiis.
1017 4102 1095 4197 M.,
1119 4105 1163 4181 de
1181 4130 1251 4204 quo
1266 4133 1346 4280 mp-

172 4267 176 4273 .
763 4262 766 4267 ,
1323 4226 1348 4282 ο
