3008 4830
69 603 202 733 ,¹150
320 581 322 584 Δ
515 629 664 733 lintona
684 631 814 731 Eccles.
841 614 957 735 cirisi.
1037 740 1045 747 ἱ

142 811 392 913 Cimfliantrnm
420 814 590 910 jejunium
617 802 851 912 santificaffe.
909 809 1099 890 Continuit
1130 805 1249 910 passim
1278 821 1365 903 qua·⁴

140 909 329 1007 dragesima
348 905 414 1000 sex
434 909 486 982 vel
494 906 624 1004 septem
638 910 872 1005 hebdomad.,
897 911 948 985 ita
974 930 1112 1001 tamen,
1154 926 1194 980 ut
1220 929 1251 980 1.
1290 903 1369 976 mb-

141 1012 242 1096 bata,
282 1002 388 1076 unico
421 1002 566 1111 sabbato
604 1006 844 1102 antepaschali
875 1024 1051 1102 excepto,
1099 1022 1138 1078 et
1173 1003 1250 1076 dies
1283 1001 1368 1072 Do·

148 1101 290 1187 minici,
316 1116 447 1171 exemti
471 1096 560 1188 sint,
584 1099 719 1199 quippe
744 1101 872 1199 quibua
887 1101 1051 1199 jejunare
1065 1101 1102 1176 in
1118 1094 1278 1198 plurimis
1296 1093 1387 1165 Ec·-

148 1195 259 1276 ciesiia
284 1191 381 1266 nefus
403 1211 489 1270 etat
509 1193 637 1294 Chrys.
655 1197 760 1271 hom.
785 1199 849 1272 xl.
884 1207 924 1274 in
959 1196 1110 1288 Genefi,
1150 1211 1189 1268 ct
1220 1189 1375 1270 canan.

156 1295 273 1370 collat.
296 1282 396 1363 xxl.
420 1312 453 1364 c.
481 1310 568 1380 24.,
594 1313 721 1389 magna
739 1291 852 1367 adhuc
875 1316 907 1370 ι.
933 1291 1048 1367 locum
1072 1286 1233 1366 habuerit
1258 1283 1388 1360 vane·-

156 1411 228 1479 tas,
259 1407 340 1497 cunt
358 1382 453 1495 ⁹aliae
476 1386 651 1461 Ecclesiae
675 1402 765 1477 tres,
804 1388 891 1464 aliae
906 1387 993 1485 sex,
1031 1387 1119 1462 aliae
1133 1383 1259 1485 septem
1282 1381 1391 1453 heb·-

156 1483 293 1562 domad.
317 1480 555 1576 jejunaverint
580 1484 714 1557 Socrnt.
739 1483 790 1556 H.
820 1484 869 1559 V:
898 1506 956 1559 22.
980 1502 1020 1556 et
1036 1487 1173 1558 Soaom.
1199 1478 1248 1552 H.
1275 1475 1386 1568 Vna

162 1605 220 1673 19.
270 1578 328 1651 De
354 1574 549 1648 rationibus
572 1575 776 1650 observatae
799 1578 1076 1676 quadragesimae
1093 1576 1167 1652 vid.
1194 1569 1377 1668 chrysost.

161 1681 260 1754 Orat.
278 1672 341 1745 ΠΙ.
360 1668 522 1744 adversus
538 1670 701 1764 Judaeoa.
734 1672 832 1745 Inter
847 1696 951 1770 quaa,
975 1692 1115 1771 praeter
1131 1671 1230 1766 supra
1245 1667 1289 1740 nd
1303 1664 1377 1776 sec.

64 1863 66 1866 ·
161 1763 1381 1974 {inmanitati,fnummantea

163 1968 237 2050 ira,
261 1973 444 2069 praeterea
460 1957 813 2049 catechumenorum,
836 1980 875 2034 et
892 1959 1172 2058 poenitentium,
1189 1975 1387 2052 praepara·¹

164 2053 397 2147 ti0,1llorum
420 2048 464 2124 ad
489 2051 717 2145 baptismum,
743 2054 931 2129 ethorum
954 2053 996 2130 ad
1014 2053 1279 2152 receptionem,
1304 2051 1382 2146 Cy·

167 2152 235 2228 rili.
259 2147 363 2222 Hier.
388 2162 457 2221 cat.
483 2144 538 2234 L,
563 2169 672 2258 quate
687 2146 888 2245 baptizandi
903 2147 1048 2225 nomina
1070 2149 1127 2225 sua
1158 2145 1240 2219 dare
1268 2143 1385 2217 debe·

168 2254 253 2328 bant
276 2261 358 2317 ante
409 2238 697 2336 uadragestmam,
739 2259 778 2317 ut
803 2241 912 2318 habet
946 2245 1075 2321 concil.
1107 2240 1272 2336 Carthag.
1306 2239 1383 2318 IV.

171 2362 210 2420 et
225 2337 371 2416 Sinicius
385 2265 478 2429 iapa
496 2333 596 2430 epist.
613 2337 643 2413 1.
660 2336 702 2412 ad
720 2335 932 2448 Himerium.
979 2338 1109 2414 Refert
1126 2359 1195 2435 quo
1220 2358 1264 2408 ue
1289 2333 1391 2408 Hie·-

171 2460 302 2537 ronym
323 2457 380 2530 ep.
408 2430 504 2507 LXI.
528 2427 571 2508 ad
594 2433 868 2528 Pammachtum,
893 2431 1145 2531 consuetudinem
1160 2358 1241 2527 effi,
1256 2445 1293 2502 nt
1307 2430 1385 2523 nir,

173 2539 227 2632 qni
251 2528 442 2626 baptizandi
447 2526 551 2625 sunt,
571 2545 630 2623 per
645 2532 860 2625 quadraginta
874 2532 942 2606 dies
957 2527 1234 2627 tradatursuniiu
1251 2543 1283 2598 et
1305 2525 1385 2598 ado·

172 2631 278 2707 nanda
302 2625 461 2698 Trinitas.
507 2623 591 2695 Erat
622 2646 778 2721 quoque,
820 2625 907 2700 ficut
934 2625 1116 2722 baptismi,
1159 2623 1209 2698 ita
1249 2617 1389 2694 absolu·

175 2721 303 2811 tiotris,
338 2718 481 2792 solenne
504 2736 642 2886 tentique
665 2719 811 2811 Pascha,
847 2721 1035 2796 secundum
1065 2720 1193 2795 concil.
1225 2717 1391 2815 Ancyra·

176 2840 280 2905 num,
311 2812 481 2912 etGreg.
505 2813 569 2906 Ny
596 2835 652 2887 en.
677 2812 778 2912 epist.
811 2814 1014 2891 canonicam
1048 2818 1092 2891 ad
1124 2814 1314 2904 Letoium,
1347 2820 1391 2886 ut'

178 2916 218 2992 et
241 2910 338 2988 Petri
367 2906 469 2981 Alex.
521 2906 689 2984 Obtinuit
712 2933 849 3008 qnoque
890 2911 1004 2987 adhuc
1035 2909 1132 2987 varia
1166 2909 1308 2985 libertae
1345 2905 1391 2995 in

178 3001 393 3085 observanda
439 3001 689 3101 uadragesrma,
713 3028 795 3081 curn
820 3008 895 3105 ejus
911 3006 1091 3104 aeglesius
1108 3005 1287 3081 neminem
1306 3002 1391 3084 sub·

179 3098 311 3203 jecerit
346 3025 534 3190 censurae,
579 3120 617 3174 et
652 3102 835 3178 infirmitas
868 3103 1029 3201 corporis
1059 3104 1161 3200 piane
1200 3098 1391 3176 excusaret

182 3203 318 3274 Socrat.
342 3194 392 3269 H.
418 3196 468 3269 V:
495 3218 552 3272 ιι.
600 3198 699 3274 Alios
722 3199 798 3273 aliis
819 3197 921 3272 fuiffe
938 3198 967 3272 ri
994 3198 1124 3273 idiotes
1149 3197 1254 3278 tradit
1276 3194 1333 3279 Ch
1378 3234 1391 3256 ·

185 3289 265 3371 sost.
293 3290 390 3361 hom.
414 3290 483 3362 lV.
508 3291 550 3362 ad
573 3291 809 3381 Antiochen,
835 3292 891 3387 qui
912 3294 953 3365 ab
985 3292 1193 3368 inentiama
1217 3289 1304 3373 cibis
1328 3314 1348 3364 a
1375 3329 1391 3348 ·

181 3399 344 3466 numerat
367 3379 593 3477 'adiaphoris
633 3385 681 3459 sic
709 3403 746 3458 et
778 3385 874 3459 hom.
899 3388 942 3461 X.
968 3387 1010 3462 ad
1040 3388 1192 3481 Genes,
1234 3409 1279 3460 ne
1311 3383 1391 3483 qni·

181 3485 265 3563 dem
289 3475 483 3572 carpendos
507 3476 578 3551 effe
601 3476 725 3566 dicit,
745 3481 805 3576 qui
831 3481 914 3580 prae
947 3481 1151 3558 infirmitate
1183 3484 1300 3559 cibum
1318 3493 1319 3498 ’
1339 3484 1391 3559 su·

183 3596 286 3658 munt
313 3591 396 3647 autc
428 3572 622 3670 vesperam.
679 3577 835 3651 Poenam
867 3576 1019 3675 primum
1051 3579 1186 3654 addidit
1220 3601 1296 3652 can.
1332 3582 1391 3666 69.

183 3670 341 3773 Apost.,
379 3665 464 3742 ficut
495 3668 623 3742 deinde
660 3668 766 3745 etiam
799 3673 985 3750 Aureliani
1020 3676 1164 3750 concilii
1198 3696 1276 3750 can.
1311 3673 1391 3746 ndns

185 3795 218 3847 a.
244 3790 338 3875 541..
379 3763 435 3836 Ex
459 3786 531 3873 quq
553 3764 673 3875 colligi
694 3766 843 3861 potest,
876 3791 1048 3844 canonem
1074 3771 1169 3845 illum
1195 3765 1320 3866 Apost.
1336 3790 1392 3843 re·

187 3864 357 3944 centiorn
382 3856 452 3932 effe
480 3881 646 3955 or1g1n1s3
678 3865 793 3957 quales
820 3863 912 3939 inter
942 3886 1004 3937 eos
1025 3865 1083 3938 alii
1111 3867 1198 3940 sunt.

86 3975 93 3987 ·
234 3958 266 4061 5.
291 3955 433 4029 CXLII.
456 3954 623 4057 'Durabat
673 3979 710 4027 er
736 3957 883 4054 singulos
903 3957 979 4032 illos
1002 3958 1074 4035 dies
1095 3960 1391 4059 jejunium'usque

186 4057 233 4137 ud
257 4050 462 4150 uesperam,
500 4067 538 4125 et
567 4051 607 4127 io
631 3978 837 4129 eistiuentia
866 4054 911 4132 ab
934 4052 1032 4133 omni
1065 4055 1149 4134 cibo
1169 4053 1272 4130 situm
1302 4070 1391 4134 erae]

1328 4171 1391 4225 nor
