3008 4830
111 678 205 768 '518
524 662 676 765 sustuna
696 657 825 763 ncces.
848 656 969 763 Ciuili.

135 850 189 1021 sal,
216 872 263 925 ne
297 843 417 927 nostro
449 844 595 949 quidem
634 861 820 943 excepto,
864 841 961 921 varin
987 836 1221 942 suppeditant
1246 840 1357 917 exem-²

176 971 206 1022 a·
1157 982 1162 995 ι

138 970 163 1047 p
189 1042 223 1143 s.
249 1040 412 1118 CXXIII.
442 1037 620 1137 Eutyches
642 1036 807 1137 quidem,
829 1037 897 1113 hac
919 1036 1058 1115 ratione
1084 1034 1357 1136 praecipitanter
1391 1076 1394 1083 ·

139 1139 375 1237 proscriptus,
415 1134 578 1235 confugit
601 1136 645 1211 ad
669 1138 832 1213 Leonem
855 1139 1006 1233 Papam,
1046 1132 1252 1232 scriptaad
1285 1150 1357 1205 eun

140 1230 897 1427 illlllnllhlltstlilnlllssslh
912 1228 1091 1404 {enh
1107 1222 1359 1419 sllnljlll

142 1383 363 1515 inclinatus:
392 1424 474 1499 deiu
496 1447 517 1498 a
538 1385 726 1516 Flaiiano,
759 1447 796 1499 et
822 1385 873 1500 ¹en
890 1424 977 1500 anis
1003 1422 1149 1499 concilii
1177 1424 1277 1520 ejus,
1316 1422 1361 1493 iu·

141 1519 311 1611 ssruilus,
349 1519 387 1594 in
403 1521 478 1617 ejus
499 1520 760 1595 damnationem
775 1520 970 1612 consensit,
1002 1537 1066 1608 et,
1089 1540 1239 1615 praeter
1264 1516 1357 1602 aliar,

142 1619 320 1692 celebrem
344 1616 435 1690 illurn
466 1616 509 1689 ud
541 1616 743 1691 Flavianum
774 1616 838 1693 scri
865 1615 906 1692 s1t
945 1612 1149 1711 epistolam,
1188 1636 1283 1713 quae
1317 1608 1360 1689 est

147 1734 234 1805 n4ra
255 1712 348 1787 inter
380 1712 454 1808 ejus
477 1708 661 1807 epistolas,
702 1713 788 1792 edit.
822 1642 1041 1810 (guesnellii,
1082 1709 1208 1808 postea
1242 1714 1282 1787 in
1303 1711 1360 1804 Sy·

144 1811 241 1885 nodo
266 1807 477 1883 Chalcedon.
529 1830 570 1880 ro
598 1830 719 1885 norma
742 1811 828 1887 fidei
851 1810 1026 1889 habiturn,
1066 1826 1103 1881 et
1127 1823 1253 1883 tomum
1275 1806 1359 1879 Len

143 1907 200 1981 uis
222 1902 366 1995 diuam,
406 1832 527 2001 quus

145 2002 224 2103 Qua
246 2001 308 2096 spe
332 2022 413 2075 cum
437 1996 643 2093 excidisset,
666 2003 757 2098 apud
780 2005 1024 2101 inperatorem
1040 1999 1085 2073 de
1102 1996 1257 2077 falsitate
1273 1996 1360 2074 nuo·

143 2120 223 2172 rum
245 2095 381 2195 Synodi
408 2095 639 2208 cqnquestur,
666 2120 797 2207 novum
824 2097 960 2208 synodi
984 2118 1136 2206 eramen
1163 2096 1295 2194 petiit,
1324 2110 1359 2169 er

142 2214 215 2369 {le
229 2193 733 2399 ,Plllllhlh‘ftlh
748 2190 1364 2387 ‚⁰3rlsfllhllh2‚⁶n,llll

145 2413 195 2487 po
218 2388 403 2461 Caesareae
431 2386 699 2483 Cappadociae3
735 2386 791 2460 sed
817 2386 931 2460 rursus
958 2384 1141 2459 succubuit
1165 2384 1362 2481 Eutychen,

145 2504 184 2560 et
218 2480 395 2557 sinceritas
431 2480 644 2580 superiorum
675 2481 830 2555 anorum
864 2484 1009 2577 probata
1037 2479 1099 2556 est.
1165 2480 1258 2556 Vid.
1295 2476 1364 2556 aun

143 2577 448 2657 chalcedonense.
509 2576 591 2674 Quo
624 2577 734 2674 magis
766 2577 918 2649 irritatus
950 2574 1021 2650 sese
1051 2579 1094 2651 ad
1126 2575 1358 2663 Dioscoron,

144 2672 358 2772 Episcopum
392 2671 682 2761 Alexandrinum,
724 2673 876 2747 amicum
912 2671 1028 2761 suum,
1061 2674 1241 2764 cuntulit,
1283 2668 1361 2770 ejus·

145 2794 212 2870 que
237 2793 259 2842 o
286 2794 305 2842 e
331 2791 458 2841 novam
484 2769 691 2842 consecutus
706 2767 758 2841 est
778 2767 960 2864 Synodum
983 2767 1197 2864 Ephesrnam
1221 2791 1254 2843 a.
1286 2786 1361 2860 449.

170 2794 299 2943 raefiie
332 2861 534 2951 Dioscur03
574 2863 632 2938 cui
660 2864 787 2961 Legati
818 2866 982 2973 Leonis,
1016 2863 1126 2963 Julius
1159 2865 1364 2943 Puteolanus

143 2892 361 3063 Episcopus,
387 2979 425 3033 et
450 2961 592 3034 Hilarus
609 2961 912 3051 Archidiaconus,
937 2962 1204 3051 interfuerunt,
1231 2980 1363 3053 et13o.

146 3057 323 3155 Episcopi.
364 3055 476 3132 hesta
499 3056 715 3132 conseffione
739 3056 970 3152 Eutychetis,
994 3056 1095 3131 renis
1118 3080 1263 3154 quoque
1285 3055 1366 3133 auin

146 3154 344 3249 Ephesrnae
385 3152 520 3253 Synodi
554 3175 678 3229 contra
710 3152 944 3240 Nestorium,
985 3154 1111 3249 quibus
1146 3177 1245 3228 nova
1281 3147 1366 3229 fidei

147 3251 318 3326 confessio
343 3272 483 3348 praeter
510 3249 707 3325 Nicaenam
726 3269 800 3322 erat
818 3249 951 3339 vetita,
976 3249 1159 3348 Eutyches
1175 3247 1368 3337 absolutus,

149 3346 334 3421 Flavianus
354 3349 400 3419 ob
424 3346 678 3419 consessionem
700 3363 823 3420 contra
848 3345 1037 3439 Eutychen
1062 3347 1250 3421 formatam
1281 3345 1369 3423 daur·

151 3440 344 3527 natusest,
379 3462 552 3516 unacum
582 3439 836 3525 Theodoreto,
870 3442 1015 3515 Domno
1041 3443 1306 3536 Antiocheno,
1334 3456 1368 3517 et

153 3543 214 3616 lba
240 3535 424 3610 Edesseno.
477 3540 565 3611 Cum
591 3559 677 3609 vero
704 3535 952 3631 protestaretur
976 3536 1176 3630 Flavianus,
1204 3540 1284 3635 ipse
1307 3560 1371 3615 mr·

154 3639 186 3709 le
220 3634 353 3710 habitus
392 3629 443 3702 cst
476 3655 496 3703 a
527 3630 718 3706 Monachis
757 3634 1064 3724 tumultuantibus,
1107 3653 1145 3708 et
1178 3636 1372 3727 militibus,

153 3731 190 3807 in
215 3730 394 3829 Synodum
422 3725 585 3817 inmiffis,
630 3725 808 3825 plagisque
834 3751 1021 3825 exceptus,
1064 3730 1153 3804 adeo
1196 3753 1237 3806 ut
1274 3731 1374 3811 brevi

154 3826 234 3923 post
258 3822 504 3923 exspiraverit:
545 3819 671 3919 reliqui
698 3825 803 3900 etiam
837 3825 1011 3923 episcopi,
1052 3828 1112 3923 qui
1146 3826 1375 3926 tergiversati

153 3924 250 4008 sunt,
283 3922 321 3993 vi
347 3942 384 3994 et
408 3918 512 3995 minis
538 3921 581 3992 ad
604 3919 818 3995 damnationi
845 3920 1123 3997 subscribendum
1145 3923 1263 4001 contu
1296 3925 1373 3997 sue·

143 4015 360 4192 ffizdipsrs
375 4017 518 4218 LZgatis
533 4017 663 4191 igabpaga,
687 4016 748 4189 gui
770 4016 932 4191 arihiosts
943 4018 1179 4194 restiteruntii
1193 4020 1233 4096 in
1253 4017 1377 4199 curlo-⁸

145 4208 147 4213 Ι
276 4137 352 4190 aus.
442 4139 521 4192 uam
663 4136 756 4192 uam
807 4136 846 4191 ae
934 4140 1005 4214 yuu
1031 4142 1069 4195 us
1100 4140 1148 4215 po
1180 4142 1223 4199 ea
1250 4136 1354 4208 mrsu

1243 4216 1372 4289 lotroci·

516 1905 754 1981 ncarnationir
774 1907 902 2005 dogma
925 1904 1098 2002 exponit,
1141 1924 1180 1977 et
1204 1900 1356 1979 deducit.
