3008 4830
248 724 324 817 706
640 708 792 813 ffiflorr'a
812 708 946 807 Eccles.
971 708 1090 815 ciust.
1229 655 1235 663 Ι

251 893 309 971 sed
336 890 470 969 nullum
504 912 657 989 unquam
684 888 746 963 tali
771 890 946 965 vocabulo
968 884 1134 989 adpellari
1163 886 1325 967 voluisse.
1363 888 1467 989 Argu·

251 1008 392 1081 menta,
442 988 541 1063 uibus
567 986 707 1094 titulum
731 986 830 1061 illum
853 984 1005 1080 Mutat,
1030 986 1283 1099 perepistolaa
1292 988 1366 1098 illae
1381 984 1487 1085 span.

251 1087 313 1256 u
330 1088 401 1251 'u
415 1012 629 1255 llar-
642 1081 833 1253 urun
855 1082 1179 1254 neruus
1192 1080 1382 1255 stetu
1407 1104 1466 1253 t

246 1204 371 1257 reu
480 1202 657 1255 autu
798 1202 817 1253 a
946 1202 1184 1255 eranecee
1352 1234 1361 1254 .
1451 1206 1467 1239 ··

247 1206 302 1351 lis
326 1204 542 1349 ionnficuni
564 1276 809 1351 Romanorum
834 1274 931 1348 illum
964 1274 1028 1351 libi
1061 1275 1260 1373 adrogauit.
1318 1298 1352 1371 ³·
1382 1273 1465 1349 Uni·

256 1369 349 1446 versi
386 1371 417 1446 E
443 1370 557 1469 iscopi
580 1369 730 1468 reliqui,
761 1368 907 1467 siquis,
936 1368 1041 1445 etiam
1067 1370 1143 1467 ipse
1159 1374 1347 1445 Romanoa
1375 1367 1464 1478 Epis·

250 1488 386 1565 copus,
413 1398 484 1542 goe
510 1466 703 1565 adpelletur
719 1464 892 1555 nomine,
923 1466 1145 1564 privarentur
1168 1466 1306 1541 honore
1337 1466 1463 1541 debrto

248 1587 286 1653 4.
313 1566 442 1639 Praece
470 1564 517 1637 tir
539 1560 722 1637 canonicir
744 1560 908 1673 adversus
930 1563 1001 1652 est,
1041 1582 1082 1673 et
1104 1584 1139 1653 5.
1164 1560 1464 1673 publicumparit

250 1656 414 1733 omnibus
436 1588 655 1750 iiandalum,
679 1661 834 1756 dentque
860 1662 896 1730 6.
921 1658 1050 1732 honorr
1075 1680 1213 1755 quoque
1236 1657 1371 1755 inpern
1395 1658 1461 1733 Aa·

249 1752 342 1851 gusti
367 1756 443 1850 quis
465 1754 536 1828 sese
564 1774 628 1847 per
656 1753 753 1827 hunc
778 1750 918 1827 titulum
943 1753 1119 1851 privatum
1145 1754 1368 1863 superponit.
1416 1754 1462 1829 Ut

248 1868 371 1957 autem·
392 1871 438 1922 eo
464 1845 592 1922 sortior
618 1846 825 1922 retunderet
847 1846 1086 1945 adrogantiam
1111 1848 1305 1945 Johaonrr,
1330 1848 1460 1945 seseque

247 1943 469 2055 humrlraret‚
493 1942 528 2017 se
543 1942 679 2039 serrum
694 1942 863 2041 serrorum
885 1942 953 2017 Dei
976 1942 1079 2020 inseri
1105 1946 1168 2055 lit,
1192 1942 1284 2019 teste
1303 1942 1458 2053 ‚Johanne

237 2038 411 2114 -Dtacono
436 2044 570 2115 tn'uira
596 2040 747 2135 Gregorii
772 2041 794 2116 Ι.
817 2039 888 2148 Ν.
911 2060 943 2115 c.
968 2046 1029 2132 58.
1103 2041 1152 2116 rd.
1183 2057 1224 2113 et
1255 2040 1353 2113 Beda
1382 2036 1456 2113 lust

244 2132 496 2306 uuus
518 2136 605 2304 lr-
625 2143 703 2303 :u
742 2135 842 2306 tu
864 2132 1051 2305 'ullu
1074 2134 1457 2307 ”tullerunt

271 2326 442 2402 etitulns
482 2332 547 2402 erni
588 2349 732 2400 errorum
759 2328 847 2419 Dei,
873 2347 943 2423 quo
964 2327 1078 2423 Papae
1101 2346 1270 2418 utuntur,
1294 2326 1455 2425 originem

244 2252 385 2496 με)
601 2251 624 2323 Ρ
710 2284 722 2319 r
1028 2254 1055 2326 Ρ

244 2444 331 2519 repe
350 2442 401 2499 nt.
447 2479 451 2485 .

292 2517 325 2684 p.
350 2516 579 2628 CCLXXVI.
613 2516 719 2619 Quod
751 2516 793 2591 ad
830 2515 921 2591 hanc
953 2512 1049 2626 litem
1082 2514 1238 2610 adtinet,
1278 2536 1319 2592 ut
1344 2514 1456 2630 parreia

242 2614 436 2726 oberrans
461 2631 619 2687 mentem
648 2633 843 2782 expuonanr,
879 2634 918 2782 qu
939 2611 1249 2785 Tptturlxqugpissotpi
1270 2611 1454 2782 pnit'seergalerq

238 2724 707 2902 qqqqqpiqtqappprctppstqirpffl
726 2727 840 2879 altisgilt
856 2731 1087 2900 graijudicin
1110 2826 1189 2878 cum
1216 2735 1340 2880 uiriles
1354 2827 1448 2895 eum,

237 2898 430 2977 secundum
456 2899 630 2974 Veterum
646 2900 873 2998 opinionem,
897 2899 991 2973 ferre
1011 2900 1214 2998 potuerint,
1238 2900 1326 2977 sicut
1341 2922 1451 2975 omnen

238 2995 401 3093 Apostoli
438 2996 602 3105 adpellari
635 3015 776 3168 queunt
810 2993 1017 3094 uniuersales.
1071 2997 1172 3071 CPol.
1205 3022 1295 3072 vero
1326 2996 1452 3072 Praesul

237 3110 375 3165 tantum
400 3092 546 3168 honorrs
570 3116 669 3169 caua
692 3117 737 3166 eo
764 3090 834 3166 suit
859 3111 1022 3183 ornatus,
1070 3092 1151 3191 quia
1177 3094 1252 3188 ejus
1280 3114 1355 3169 erat
1383 3116 1448 3166 am·

211 3187 380 3357 ·plrssrma
402 3190 626 3283 gubernatio.
675 3192 910 3264 Perrexerunt
940 3212 1010 3286 quo
1035 3211 1078 3262 ue
1104 3189 1329 3285 sequentibus
1357 3190 1447 3265 secu·

247 3282 277 3354 ir
299 3303 344 3351 eo
372 3286 445 3354 utir
490 3283 574 3361 srcut
599 3287 661 3360 suo
683 3286 766 3359 loco
789 3288 938 3381 patebit.
1027 3285 1073 3359 id.
1099 3285 1208 3359 etiam
1238 3286 1382 3361 Pfaffiut
1415 3284 1448 3358 in

235 3378 377 3471 Tempe
396 3377 545 3456 Helvet.
573 3400 660 3455 tom.
687 3382 778 3467 Ν..
804 3380 864 3475 qui
888 3401 924 3455 et
943 3378 1080 3473 sanum,
1104 3378 1225 3454 nostro
1250 3383 1453 3467 conforme,

232 3472 277 3547 de
303 3498 346 3547 eo
371 3466 442 3541 fert
462 3477 648 3567 judicium.
698 3497 731 3550 a.
747 3474 912 3549 ‘Redlius
944 3494 1059 3552 tamen
1091 3475 1252 3552 fecissent
1287 3475 1448 3587 Episcop'

231 3570 389 3654 CPolit.,
414 3563 438 3639 sr
459 3574 503 3640 ab
531 3597 600 3662 eo,
635 3572 767 3669 quippe
790 3571 974 3669 Episcopis
998 3575 1112 3649 minus
1138 3594 1315 3669 congruo,
1348 3573 1449 3648 abstr-

230 3662 396 3738 nuillent.
446 3686 478 3760 3.
504 3664 606 3739 Vidit
629 3689 768 3765 quoque
796 3667 989 3764 Gregorius
1017 3670 1126 3743 noxia
1142 3670 1217 3765 ejus
1234 3670 1447 3763 consequen·

209 3758 300 3845 tia,
326 3759 406 3847 sed,
439 3760 530 3857 quod
555 3762 613 3832 ille
642 3786 713 3837 non
737 3762 912 3855 advertit,
978 3789 1041 3839 uae
1065 3787 1138 3839 non
1166 3767 1296 3839 tamin
1320 3760 1447 3837 CPoli·

228 3853 347 3963 tanis,
382 3879 486 3952 quam
509 3858 678 3933 Romanis
712 3860 923 3938 Praesulibus
946 3790 1090 3937 literunt
1113 3863 1321 3957 conspicua3
1361 3857 1449 3935 teste

226 3954 457 4047 experrentia.
502 3955 575 4031 Res
596 3978 686 4029 vero
709 3954 782 4055 ipsa
804 3982 839 4050 4.
866 3958 988 4049 titulo,
1012 3982 1098 4033 vera
1113 3957 1170 4031 sua
1187 3955 1343 4053 emphasr
1359 3957 1447 4033 sum·

225 4062 287 4137 to,
327 4050 606 4144 comprehensa,
645 4050 698 4128 est
729 4059 772 4132 ab
805 4054 969 4130 omnibus
1000 4054 1185 4154 Episcopir
1222 4055 1444 4147 alienillima;

224 4141 322 4247 ‘luod
345 4147 458 4245 utone
481 4146 658 4234 intellexit
680 4152 757 4255 ipse
785 4152 1000 4311 §tegorium
1038 4151 1140 4250 eujus
1175 4150 1270 4231 dille
1297 4172 1449 4330 propttg
