3074 4838
164 705 239 798 484
341 632 347 639 ·
551 690 702 792 Hiberia·
722 694 848 791 EctIeJ.
876 692 992 793 Christ.

166 874 268 952 Len.
301 875 332 947 1:
367 890 423 964 17.
464 870 669 966 Nicephor.
692 873 748 947 H.
778 873 867 972 XV:
898 880 965 968 23.
1011 869 1117 971 Quod
1135 872 1306 972 primum
1333 873 1392 952 est

166 970 429 1049 Monachorum
461 967 687 1042 afundatore
717 969 1021 1042 denominatarum
1055 974 1269 1067 exemplum.
1320 975 1391 1046 Ce-v

168 1088 285 1142 terum
308 1063 346 1136 hi
369 1063 523 1136 Studitae
546 1064 710 1136 faverunt
730 1064 922 1154 Nestorio,
947 1084 985 1138 et
1007 1062 1129 1160 postea
1145 1071 1279 1140 caulam
1299 1069 1388 1143 ima·

166 1163 287 1260 ginum
310 1176 433 1232 eontra
448 1158 674 1234 leonoelastas
690 1162 827 1235 fervide
846 1180 1006 1256 egerunt.
1054 1163 1283 1237 Mentionem
1298 1187 1390 1262 quo·

191 1280 235 1330 ue
257 1253 345 1331 facit
366 1254 537 1330 Callianus
568 1255 647 1331 coll.
675 1259 785 1333 Vlll.
804 1276 881 1351 cap.
908 1280 956 1349 3·=‘
973 1259 1216 1332 nonnullorum
1249 1264 1387 1336 Mona·
1462 1346 1464 1350 ,

163 1282 332 1440 chorum,
358 1349 417 1446 qui
434 1351 565 1426 diblum
583 1350 735 1443 Christi,
759 1352 804 1426 de
819 1348 985 1453 reuersae
1003 1354 1160 1442 tollenda,
1180 1356 1387 1452 srmpliciter

163 1447 423 1545 intelligentes,
447 1447 509 1522 sebi
524 1469 647 1520 eruces
662 1449 793 1545 ligneas
809 1448 994 1534 feceruut,
1020 1450 1140 1546 eal'que
1154 1452 1293 1549 jugiter
1316 1457 1384 1529 hu·

163 1542 271 1621 meris
297 1543 606 1629 circumtulerunt,
639 1541 696 1617 sed
725 1543 784 1640 qui
802 1567 855 1615 eo
879 1541 954 1638 ipso
978 1567 1048 1615 non
1073 1548 1385 1642 aedificationem,

162 1639 436 1734 utsubjungit,
453 1638 510 1712 sed
536 1637 640 1709 risum
666 1639 801 1713 cunetis
834 1637 1031 1711 videntibus
1058 1644 1257 1718 intulerunt.
1311 1650 1385 1721 Cu·

166 1737 176 1756 '
242 1738 295 1809 rei
320 1733 531 1808 nescionum
563 1733 648 1807 alius
672 1735 793 1831 aliquis
829 1733 1040 1808 meminerit.
1080 1738 1288 1815 Benediblus
1311 1744 1384 1821 sec.

159 1760 231 1907 hid.
255 1831 291 1902 in
314 1828 452 1924 Regula
472 1828 528 1903 sua
552 1850 584 1902 e.
612 1852 644 1904 1.
668 1853 778 1927 genus
805 1830 1065 1902 Monachorum
1086 1854 1275 1926 memorat,
1299 1844 1386 1934 quod

159 1936 313 2013 uitetur,
352 1922 489 2020 inquit,
519 1947 740 2021 gyrovagum,
774 1927 828 2024 qui
853 1941 923 1998 rota
953 1929 1023 1999 rita
1045 1925 1113 2020 sua
1144 1952 1203 2024 per
1233 1935 1384 2031 diuersas

156 2024 362 2118 provincias,
400 2024 502 2094 ternis
531 2039 588 2094 aur
615 2026 779 2115 quaternis
809 2023 920 2095 diebus
932 2039 992 2113 per
1021 2022 1213 2119 diversorum
1243 2031 1387 2108 cellulas

158 2115 378 2214 hospitantur,
395 2115 526 2212 semper
549 2121 703 2210 rugi-
724 2152 780 2192 ,-
801 2133 831 2190 et
856 2121 996 2209 propriis
1021 2121 1234 2211 voluptatibus
1255 2143 1291 2198 et
1312 2152 1384 2223 gu.

159 2218 213 2289 lue
238 2210 398 2290 illecebris
412 2212 613 2306 servientes,
636 2231 668 2284 er
683 2230 743 2305 per
759 2219 862 2284 omnia
881 2215 1049 2286 deteriores
1066 2222 1268 2296 b'arobuitir.
1319 2227 1385 2300 De

158 2311 285 2409 quibus
307 2310 350 2385 ad
381 2308 447 2383 lec.
472 2308 540 2383 lV.
565 2305 633 2404 egi.
682 2307 752 2380 Sed
784 2309 821 2381 in
847 2309 945 2405 Syria
966 2331 1007 2381 ac
1029 2311 1293 2410 Mesopotamia
1315 2321 1403 2402 fita..
1455 2329 1458 2334 '

157 2409 276 2501 gulare
304 2403 443 2501 prorsus
466 2404 726 2478 Monachorum
755 2424 865 2498 genus
897 2405 933 2478 in
964 2406 1076 2479 lucem
1101 2413 1248 2505 prodiit,
1290 2438 1385 2513 quos

157 2505 263 2579 caah
292 2499 461 2596 pascentes
491 2499 592 2576 fuiffe
616 2496 749 2589 diuos,
789 2521 903 2572 narrar
934 2502 1120 2577 Sozomen.
1145 2507 1196 2582 H.
1223 2511 1293 2585 VI:
1320 2535 1381 2610 33.

157 2617 197 2672 et
221 2602 347 2691 Evagr.
373 2597 401 2666 I:
429 2618 485 2670 21.
510 2595 586 2692 qui,
623 2615 718 2667 more
750 2596 946 2690 pecudum,
988 2597 1025 2670 in
1061 2602 1233 2677 montibus
1265 2607 1378 2707 dege·

156 2697 268 2780 bant,
310 2687 379 2762 fine
417 2691 491 2762 ullis
526 2688 732 2780 domiciliis,
781 2711 850 2763 nee
882 2690 944 2765 nisr
975 2691 1094 2769 herbis
1127 2699 1384 2801 vescebantur,

155 2790 274 2865 Deum
301 2786 463 2882 precibus
491 2806 527 2859 et
555 2784 696 2883 hymnis
719 2783 891 2859 continuo
916 2788 1151 2882 celebrantes3
1188 2818 1208 2868 a
1232 2803 1381 2878 consor·

155 2884 212 2960 tio
237 2884 440 2971 hominum,
473 2903 584 2995 aeque
608 2905 650 2956 ac
673 2880 846 2978 pecudes,
881 2882 1121 2963 abhorrentes.
1165 2892 1242 2969 ,Sed
1271 2895 1383 2995 hujus

153 2978 295 3079 generis
329 2976 491 3052 homines
517 3001 589 3074 jam
612 2977 681 3052 sec.
706 2978 795 3052 IVto
828 2976 950 3068 fuisse,
981 3000 1079 3075 patet
1111 3007 1158 3059 ex
1179 2988 1379 3085 Ephraenri

153 3077 234 3173 Syri
260 3071 473 3148 sermonibus
491 3074 539 3151 'de
555 3075 714 3151 Patribus
731 3071 910 3167 defundis,
945 3077 1039 3149 etad
1065 3079 1262 3176 Johannem
1285 3091 1381 3166 Mo.

152 3170 322 3259 nachum,
362 3170 471 3245 modo
497 3170 644 3270 genuini
671 3169 746 3243 sent.
798 3169 884 3243 Vid.
913 3169 1077 3255 Affeman
1109 3175 1147 3250 in
1170 3179 1395 3283 Prolegom.,

152 3284 189 3343 t..
207 3268 254 3340 ll.
279 3264 391 3361 Opes.
418 3267 480 3340 Gr.
506 3288 543 3339 et
560 3267 640 3348 Lat.
664 3265 866 3360 Ephraemi.
915 3265 1081 3379 Denique
1105 3273 1279 3355 canonici
1299 3286 1390 3360 Re.

150 3359 305 3463 gulares,
331 3361 373 3434 ad
399 3364 598 3455 exemplum
624 3359 832 3454 Augustini,
866 3359 910 3444 de
935 3386 1005 3459 quo
1030 3389 1067 3439 m
1092 3369 1167 3464 ejus
1189 3374 1286 3467 vita,
1321 3381 1380 3458 in.

149 3453 303 3535 teodubti
328 3454 408 3528 sunt
439 3455 603 3531 Laterani
636 3480 656 3530 a
683 3451 821 3528 Gelasio
849 3457 959 3551 Papa,
1000 3461 1058 3556 qui
1094 3486 1193 3541 erant
1220 3474 1353 3551 Clerici
1436 3524 1440 3544 .

149 3549 784 3723 ceftrsgeiprgnpppnp‚m
803 3533 1394 3739 lllhllll²⁰l⁰ll⁰ulsst¹²³²

146 3671 224 3824 hesit.
250 3719 303 3817 ad*
322 3671 484 3823 Felicemp
496 3743 561 3817 111.
574 3674 667 3839 ,aqui
692 3722 810 3832 addit,
836 3766 898 3816 eos
922 3744 973 3818 ibi
993 3676 1164 3844 usqdeltad
1180 3683 1388 3839 ffiufficrp}

146 3852 206 3921 neu
229 3838 333 3914 V111.
358 3835 515 3929 durasse,
539 3839 583 3912 ab
607 3861 662 3910 eo
676 3859 721 3923 ex
749 3837 858 3926 ullos3
884 3861 929 3914 ex
951 3843 1095 3922 erelrr'nr's
1118 3847 1285 3930 Bafilic'ae-
1298 3858 1387 3936 La}-

144 3932 343 4104 terapensrs.
391 3933 496 4010 Unde
531 3932 574 4008 ad
598 3933 680 4010 alias
711 3862 881 4009 decreras
912 3935 984 4010 hoc
1016 3939 1214 4024 institutum
1238 3953 1385 4052 postea*

145 4047 293 4116 trannt·
1208 4083 1221 4093 ··
1273 4080 1278 4087 ·

164 4129 224 4248 ‚n
246 4123 382 4214 xcvr.
402 4111 669 4217 Monaesum
683 4084 1180 4261 ,avorumnnnrmſst
1195 4116 1374 4246 nm

667 4293 688 4313 ..
720 4266 803 4344 r„
1296 4235 1376 4353 stu,
