3074 4838
146 675 223 757 ⁴24
468 607 469 611 Ν
555 647 702 753 inflatio
731 650 858 754 Eeelrs.
885 648 1000 754 Clt'rr'fl.
1107 739 1113 753 ‚

149 838 269 935 Opes.
295 827 493 930 Augustini.
543 835 727 909 Memorat
756 832 865 907 etiam
897 830 1030 907 [datius
1053 827 1092 905 in
1123 825 1234 926 Fastis
1258 827 1376 930 rufis:

156 931 220 1006 lor.
273 926 457 1004 Gervasrus
482 946 521 1001 et
544 927 716 1005 Protesrus
739 947 920 1039 narrantur
953 924 1138 1002 Ambrosro
1165 926 1374 1035 monstrati,

156 1026 247 1197 illd
266 1026 302 1195 1²³
307 1024 504 1212 “iil‘'slfp
506 1024 680 1201 still
698 1026 1058 1217 lllblltlttt
1075 1021 1263 1216 llllll.
1286 1044 1376 1194 ‘sili

158 1218 293 1293 solenni
321 1238 469 1314 pompa,
495 1215 575 1312 ipsis
601 1215 763 1314 Augustis
778 1215 996 1303 duiloribus,
1020 1216 1148 1295 CPolin
1168 1212 1374 1289 transsatae:

159 1312 204 1389 de
239 1335 308 1408 quo
340 1312 412 1387 vid.
439 1312 680 1410 Hieronymus
712 1334 840 1387 contra
868 1309 1129 1408 Vigilantiam,
1168 1331 1206 1383 et
1236 1312 1372 1386 Chron.

160 1404 436 1487 Alexandrinum
461 1432 491 1482 a.
517 1417 601 1498 406.
650 1410 766 1483 Mitto
791 1410 979 1481 Barnabam
1003 1406 1189 1503 Cyprium,
1215 1426 1254 1480 et
1267 1406 1377 1495 alios,

162 1506 238 1580 vid.
272 1504 485 1576 Theodorus
512 1503 642 1576 Letlot
666 1507 715 1578 H.
740 1503 763 1577 Ι.
787 1507 832 1578 ll.
859 1524 897 1576 et
921 1505 1038 1576 ,verbo
1061 1502 1229 1592 observo,
1270 1523 1379 1575 euan·
1423 1565 1425 1568 ,

79 1658 91 1674 “
162 1596 1110 1780 iiluilviiliilfflei’trail‘rlbiidlllldisillills’
1145 1597 1381 1768 llbtldl.

37 1820 41 1827 ·
166 1792 273 1871 etiam
298 1787 420 1886 coepit
447 1789 594 1882 opinio,
619 1788 753 1865 santius
780 1790 851 1865 sese
875 1789 1072 1864 hominibus
1097 1790 1244 1864 subinde
1268 1787 1379 1862 mani·

103 1970 108 1983 ,
161 1883 330 1975 Τείὶαίϊε,
364 1907 556 1982 eorumque
580 1886 710 1960 animas
743 1885 906 1960 inteteffe
933 1887 1036 1959 rebus
1065 1888 1237 1962 humanis.
1288 1884 1377 1961 viu.

163 1978 364 2087 ‘Augustim
381 2004 447 2056 cur.
468 2002 526 2079 pto
541 1986 694 2072 mortuis,
720 2004 756 2058 et
772 1982 931 2080 Synesrus
954 1980 1055 2077 epist.
1084 2006 1141 2078 31.
1167 1983 1211 2057 ad
1226 1982 1384 2059 Aurelio·-¹

164 2101 253 2156 uum.
302 2074 488 2173 Ottginem
520 2078 612 2152 suam
638 2080 727 2152 haec
752 2078 877 2174 opinio
903 2078 1010 2151 debet
1034 2077 1243 2155 Gentilibus.
1292 2075 1380 2155 Vid.

163 2179 276 2254 Clem.
296 2174 429 2283 §trum
454 2174 522 2248 Vl.
549 2198 580 2249 c.
607 2197 639 2268 3.
665 2172 725 2245 ubi
752 2173 874 2261 tradit,
914 2174 1046 2247 animas
1070 2194 1287 2249 mortuorum
1317 2172 1393 2246 vo·'

166 2271 240 2348 cari
258 2287 363 2344 ettam
382 2271 548 2343 daemones
571 2294 590 2344 a
618 2268 838 2358 Gentilibus,
863 2288 899 2341 et
922 2268 1011 2360 coli,
1037 2290 1199 2367 tanquam
1227 2267 1382 2368 potessa-

169 2390 208 2446 te
235 2365 446 2465 gaudentes,
474 2384 513 2439 ut
538 2365 580 2440 ad
607 2363 788 2439 hominum
813 2363 1022 2460 ministerium
1039 2367 1139 2441 locum
1162 2371 1384 2441 circaterrunt

134 2521 138 2528 -
168 2470 294 2541 obeunt.
343 2459 430 2535 Vid.
455 2480 493 2534 et
512 2460 681 2559 Apulejus
703 2461 746 2534 de
764 2462 833 2533 Deo
858 2462 1005 2534 Socratis
1055 2464 1113 2535 De
1143 2464 1292 2560 Angelis
1315 2459 1381 2536 eti·⁴

166 2585 224 2639 am
245 2554 323 2629 illud
352 2554 496 2628 testatur
513 2559 734 2644 Antoninus,
760 2554 1065 2631 Constantiniensrs
1084 2560 1120 2630 in
1143 2559 1268 2635 Africa
1283 2556 1382 2658 Epis·

135 2750 136 2754 Ἴ
167 2652 298 2747 coplts,
322 2646 360 2720 in
384 2648 484 2745 epist.
510 2651 553 2723 ad
577 2651 786 2738 Arcadium,
811 2670 971 2748 ternpore
990 2654 1201 2731 Vandalicas
1226 2657 1383 2751 persecu·

40 2836 44 2845 ,
166 2747 279 2826 tionis
303 2745 461 2836 exulem,
492 2745 530 2819 in
557 2743 643 2820 Bibl.
668 2748 725 2819 M.
751 2748 909 2835 Panum,
941 2774 982 2838 a.
997 2772 1081 2845 435.
1107 2750 1248 2848 scripta.
1298 2751 1383 2856 Qut·-

175 2848 251 2921 dom
279 2839 497 2938 Clut'str'ouus,
530 2841 663 2937 inquit,
696 2844 769 2916 dum
792 2862 849 2936 pro
864 2846 933 2939 fide
957 2849 989 2916 iu
1029 2847 1131 2920 eculeo
1164 2865 1382 2944 torqueretur,

170 2943 303 3041 retulit,
328 2935 484 3036 adstitiffe
499 2935 567 3031 fili
592 2938 754 3033 Angelum
774 2939 934 3034 splendido
957 2943 1067 3032 uultu,
1092 2967 1163 3014 cum
1189 2946 1287 3020 linteo
1301 2964 1384 3038 aqua

168 3034 320 3139 perfuso,
346 3038 399 3129 qui
424 3039 453 3106 ei
479 3059 596 3129 aquam
620 3039 653 3107 iu
667 3033 796 3127 faciem
807 3035 999 3131 spargeret,
1024 3057 1056 3111 et
1081 3041 1177 3112 liutet
1194 3045 1385 3137 detergeret.

168 3136 281 3211 Donec
306 3148 407 3205 tortus
432 3129 497 3229 est,
529 3131 675 3224 Angelus
703 3157 763 3203 nou
785 3132 934 3229 rect’set't,
970 3134 1248 3231 consolaturum,
1281 3154 1314 3210 et
1337 3159 1388 3209 re·

161 3229 338 3326 frigerans
363 3252 453 3314 eum,
487 3248 554 3301 etc.
607 3230 666 3300 De
691 3227 862 3300 miraculis
889 3253 952 3323 pet
985 3232 1142 3327 reliquias
1167 3227 1392 3329 Euphemiae

173 3321 386 3399 Chalcedon.
422 3322 589 3416 legendus
622 3321 672 3395 est
699 3322 867 3417 Euagrius
898 3325 947 3398 H.
972 3328 1019 3399 ll:
1047 3351 1080 3422 3.
1114 3344 1151 3400 et
1187 3330 1389 3428 Theophy·

171 3414 280 3507 latius
310 3415 501 3488 Simocatta
533 3415 627 3491 Hist.
654 3417 756 3487 Vlll:
785 3439 840 3507 14.
875 3418 957 3508 ubi,
1012 3422 1127 3518 quod,
1169 3429 1390 3516 notandum,

164 3512 342 3616 sauguinis
360 3507 499 3606 fluentis
514 3586 517 3597 ,
528 3510 601 3605 jam
627 3509 759 3605 prostat
784 3515 1001 3607 exemplum,
1035 3539 1197 3591 necnon
1222 3521 1279 3592 Au
1329 3519 1392 3592 sti-

174 3608 262 3712 ι’ῃιε,Ι
285 3605 345 3700 qui
371 3604 548 3714 decivit.
575 3608 647 3681 Dei
671 3607 692 3677 l.
720 3606 837 3716 Xllll:
866 3618 899 3688 8.
926 3614 1173 3687 miraculorum
1191 3637 1255 3711 per
1292 3636 1393 3689 acra·

174 3724 314 3791 menta,
345 3721 543 3801 orationem
571 3722 607 3773 et
633 3725 817 3785 memonas
840 3724 1028 3798 martyrum
1051 3708 1235 3782 contexuit
1256 3712 1393 3784 catalo-

202 3825 281 3889 um,
314 3817 493 3893 praeterea
516 3818 686 3883 memorat
711 3814 831 3871 tortum
847 3798 1018 3896 fundam,
1052 3804 1303 3902 Hierosolymis
1328 3807 1396 3881 de·

174 3827 279 3974 imam
297 3892 332 3966 in
358 3892 498 3995 domum
521 3890 682 3988 alicujus,
726 3893 845 3990 ibique
870 3897 913 3969 ad
940 3901 1064 3972 malum
1092 3904 1390 3977 averruncandn‘m

176 3988 387 4088 suspensam
440 3991 512 4064 imo
548 4008 674 4062 terrum
701 3990 784 4064 inde
810 3992 953 4065 adlatam
994 3995 1082 4068 dicit
1105 4001 1256 4087 adorari,
1289 3996 1386 4094 epist.

72 4128 74 4133 2
174 4113 235 4190 52.
260 4085 301 4162 ad
320 4086 553 4211 ..S-ivel'issumj
573 4084 731 4185 „sicet
768 4109 908 4185 corpus,
932 4087 1105 4168 Simeonis
1137 4096 1304 4195 Stylitae,
1343 4092 1393 4168 de

791 4202 851 4233 -»“
1323 4211 1401 4289 quo
