3008 4830
558 648 562 653 .
676 579 937 669 reatris„-
1313 604 1389 683 ης

149 772 260 873 euius
279 766 418 861 vitans,
439 762 522 845 satir
545 758 774 867 singularem,
802 757 1012 874 consatipsit
1034 762 1262 858 Athanasius,
1289 763 1380 878 licer'

149 870 239 962 linc,
252 866 340 1041 ff
376 886 459 940 eum
493 884 627 960 negant
658 882 832 938 autorem.
887 862 975 939 th.
1008 861 1196 940 Hermant.
1228 864 1267 941 in
1299 880 1375 941 urta

159 968 250 1044 Arna
307 965 346 1041 ti.

202 1063 235 1164 l.
256 1058 429 1137 CCXXX.
454 1055 560 1131 Licet
575 1079 594 1131 a
607 1052 701 1130 Pauli
717 1072 876 1165 ternpore
890 1076 961 1128 non
988 1053 1189 1147 defuerint,
1213 1055 1293 1154 qui,
1312 1077 1375 1133 ex·

174 1160 309 1256 emplum
324 1156 401 1253 ejus
417 1152 548 1242 secuti,
572 1151 680 1225 vitant
694 1152 731 1227 in
748 1150 990 1226 fortudinibus
1009 1151 1181 1249 Aligypti
1199 1155 1375 1253 degerunt

106 1316 116 1347 ,
179 1254 364 1341 murman,
389 1251 482 1327 nulla
507 1268 625 1323 tamen
649 1246 832 1322 hominum
858 1245 1021 1336 societas,
1046 1251 1175 1322 nullum
1201 1247 1376 1324 monaste·

106 1378 121 1423 r
188 1347 275 1440 iun,
296 1348 409 1424 nullae
435 1366 555 1421 certae
581 1342 725 1419 suerunt
744 1366 783 1416 re
809 1345 905 1432 ulae,
930 1342 1055 1439 quibus
1083 1343 1270 1420 societates
1296 1344 1377 1420 suut
1414 1408 1418 1415 .

106 1483 119 1504 ·
194 1442 369 1535 uuluae,
391 1441 567 1518 antehoc
590 1438 751 1516 seculum.
824 1437 934 1512 rimus
958 1437 1056 1514 vitae
1074 1437 1298 1515 Mouasticae
1313 1462 1376 1514 au·

106 1558 118 1613 r
198 1554 235 1615 tos
249 1540 391 1618 labetur
414 1534 644 1628 Pachomiua,
677 1535 754 1634 qui,
788 1535 849 1610 sub
875 1534 984 1610 finem
1008 1534 1266 1633 persecutionis
1285 1533 1378 1610 Dio·

106 1686 110 1705 .
199 1634 318 1728 amu,
343 1633 489 1711 traditur
511 1630 642 1708 curass'e
667 1631 706 1707 in
730 1632 910 1730 AEgypto
936 1628 1064 1706 exstrui
1087 1629 1377 1724 Monasterium,

106 1765 107 1769 Ν
199 1733 318 1810 uviue
335 1727 579 1820 Mouassicae,
602 1727 646 1805 ad
670 1746 783 1804 certas
806 1725 942 1824 regulas
967 1728 1012 1801 de
1037 1729 1169 1820 endae,
1191 1728 1282 1842 jecit
1297 1729 1378 1803 sun·

198 1822 347 1907 lanema:
371 1844 412 1903 ut
432 1823 544 1900 refert
566 1842 667 1900 autor
690 1821 840 1920 aequalis
861 1824 1001 1899 auorum
1053 1824 1207 1901 achomir
1228 1825 1266 1901 in
1289 1823 1380 1900 asiis

197 1914 358 2001 murum
379 1917 607 1998 Bollaudianis
622 1920 749 2013 Meus.¹
769 1916 871 2015 Maji.
924 1919 1031 1996 Conti
1058 1919 1088 1994 it
1106 1922 1190 1996 illud
1213 1946 1244 1999 a.
1272 1928 1379 2018 gris,

198 2015 251 2097 sit
295 2042 412 2118 uoque
440 2016 487 2092 de
518 2013 710 2091 Pachomio
740 2016 929 2090 sozomen.
961 2014 1013 2089 H.
1033 1941 1105 2091 ill:
1134 2040 1189 2110 14.
1228 2020 1382 2093 Secutae

190 2110 258 2191 dein
273 2045 356 2193 iurat
378 2109 465 2191 aliae
488 2110 665 2221 regiones.
710 2112 753 2186 In
768 2109 1031 2208 Mesopotamia
1045 2131 1083 2185 et
1098 2112 1235 2189 Perside
1259 2136 1380 2191 mona·

188 2207 291 2289 elatu
312 2230 410 2286 ortus
434 2206 486 2284 est
512 2208 606 2283 crsca
636 2229 717 2283 ann.
744 2230 848 2303 320.,
881 2225 1006 2293 autore
1032 2206 1157 2296 Aone‚
1199 2209 1260 2307 qui
1284 2213 1307 2285 S
1333 2211 1380 2290 ris

112 2368 117 2377 .
182 2299 298 2383 dicitur
309 2303 510 2406 Eugenius,
533 2323 571 2379 et
587 2300 910 2400 perexcellentium
924 2304 1043 2392 Aban,
1061 2302 1120 2379 seu
1135 2307 1238 2380 Potor
1254 2332 1293 2380 no
1323 2331 1382 2401 rr,

181 2402 273 2499 cuju
286 2404 468 2501 discipulus
483 2398 552 2475 fuit
568 2401 719 2569 1[acobus
735 2397 937 2475 Nisibenus.
985 2398 1073 2476 Vid.
1097 2399 1272 2478 Asseman.
1290 2404 1381 2487 Bibl.
1478 2454 1480 2459 -

181 2493 248 2572 Or.
272 2502 338 2578 vol.
373 2500 443 2575 IV.
496 2498 539 2572 lu
596 2492 758 2572 alaestina
781 2494 914 2593 primus
937 2514 1154 2572 memoratur
1178 2501 1384 2579 Monachus

180 2582 353 2687 Hilarior,
378 2591 533 2670 Antonii
549 2590 757 2689 discipulus,
781 2610 940 2668 mortuus
954 2616 986 2683 a.
1012 2613 1095 2690 372.
1147 2597 1254 2692 Cujus
1272 2598 1384 2677 vitam

183 2680 348 2790 descripsit
382 2688 635 2787 Hieronymus.
693 2688 798 2763 Haud
833 2689 894 2765 diu
927 2687 1004 2786 post
1039 2690 1133 2766 inter
1164 2694 1385 2789 Armenios,

187 2773 404 2893 Paphlagon,
429 2807 467 2861 et
484 2785 589 2859 Ponti
611 2786 747 2861 accolas
768 2785 1015 2861 monachatum
1037 2785 1237 2863 introduxit
1263 2791 1384 2867 Eusta-

195 2871 290 2975 thrur,
318 2881 495 2960 sebastiae
518 2880 734 2979 Episcopus,
775 2881 916 2956 Sozom.
942 2884 971 2957 1:
1000 2903 1057 2972 14.
1088 2903 1127 2957 et
1152 2886 1388 2982 propagavit,

201 2981 392 3079 spumavit,
419 2976 561 3055 Basilius
576 2978 655 3068 M.,
680 2977 810 3073 regulis
831 2976 1076 3073 praescriptis,
1101 3002 1189 3074 quae
1215 2983 1253 3055 in
1272 2983 1386 3080 Opes.

208 3081 263 3158 elur
280 3074 405 3151 essunt
429 3094 516 3150 torn.
542 3075 609 3163 ΙΙ.,
637 3094 786 3168 eumque
802 3071 934 3146 habent
957 3089 1133 3162 autorem,
1161 3093 1198 3148 ut
1215 3079 1387 3154 Benedic-

208 3159 303 3247 sr'uiiu
324 3172 436 3247 Praes.
463 3172 665 3267 probarunt.
714 3171 806 3244 Eum
832 3166 870 3242 iu
896 3170 1011 3242 Ponto
1037 3166 1214 3245 instituisse
1239 3174 1388 3250 Monas·

205 3262 285 3358 seua,
309 3267 417 3344 tradit
444 3290 583 3365 quoque
611 3266 746 3341 Socrat.
770 3266 820 3340 H.
848 3266 916 3341 IV:
943 3269 1023 3356 26„
1049 3285 1086 3338 et
1103 3267 1233 3346 Ruffiu.
1260 3272 1387 3353 His:

202 3370 229 3446 9·
244 3362 431 3461 istruflerii
454 3364 706 3453 continentium,
738 3380 771 3436 et
794 3359 1001 3458 disciplinam
1025 3361 1210 3458 Ecclestoe‚
1251 3370 1309 3443 seu
1330 3374 1389 3464 je·

195 3451 984 3651 slrsl'sssssaristallslsl‘³2
1007 3458 1389 3637 ii⁰'is¹³⁵ai⁰lsss¹ri{i

199 3648 296 3730 lenset.
346 3655 391 3726 ln
416 3652 516 3724 Italia
542 3609 613 3724 nor’t
637 3648 700 3723 nifi
727 3647 805 3744 post
830 3650 968 3725 Athana
983 3652 1007 3724 ri
1032 3579 1222 3728 admistum
1249 3679 1277 3730 a.
1304 3680 1390 3751 340.

206 3745 376 3825 llouastica
401 3746 523 3856 coepit
540 3743 626 3820 vita.
662 3745 876 3842 Hieronym.
902 3754 1064 3843 ep.'16.,
1090 3749 1275 3845 epitaphio
1294 3756 1392 3829 Mar·

214 3844 308 3936 ellae,
332 3865 373 3919 et
396 3844 506 3929 alibr,
536 3838 662 3931 tradit,
697 3841 833 3915 Romae
853 3841 946 3917 etin
980 3845 1078 3916 ltalia
1095 3843 1240 3939 primam
1272 3873 1317 3924 ex
1341 3852 1394 3923 se·

223 3936 301 4015 tiore
332 3942 420 4016 sexu
445 3936 545 4012 fuisse
570 3938 798 4027 Marcellam,
841 3959 878 4011 ct
903 3938 1057 4014 exuitis
1090 3942 1238 4036 primum
1263 3946 1394 4018 Mona·

229 4057 288 4115 um
301 4033 583 4130 Pammacltium3
607 4032 650 4133 ad
666 4057 773 4208 quaid
784 4033 898 4204 lim
914 4036 1191 4137 promovendam
1214 4037 1288 4132 ipse
1306 4038 1397 4111 Hie·

833 4154 853 4229 3
1227 4150 1397 4235 mimus
