3008 4830
552 660 659 742 Setol.
680 661 749 743 IV.
870 676 874 681 '
1191 688 1263 767 135

42 843 220 925 almon
240 863 272 919 a.
294 858 379 938 335.
430 839 598 919 Ceterum
619 841 799 919 dedicatio
813 841 928 920 adhue
948 844 1055 921 fiebat
1071 842 1135 921 soli
1152 845 1258 937 Deo',

42 963 111 1051 nun
135 938 283 1051 muttit„
307 957 368 1011 aot
384 938 451 1048 ‚ulti
476 958 677 1014 creaturae:
703 961 743 1012 ut
768 940 962 1016 luculenter
985 942 1092 1017 docet
1118 940 1266 1039 Augus·-

41 1054 102 1119 tm.
125 1058 236 1113 rante
258 1056 300 1108 ιιι
325 1034 431 1123 locu,
455 1051 495 1108 ut
521 1034 567 1107 de
593 1035 662 1110 Cio.
686 1034 755 1109 Dei
788 1037 905 1112 XXII:
931 1060 989 1112 10.
1014 1037 1059 1111 de
1080 1063 1158 1114 vero
1181 1038 1259 1113 rell·

45 1137 196 1309 mig]
226 1150 289 1221 55.
317 1149 441 1299 efflata
475 1132 698 1206 Maximinum
728 1130 1004 1304 Arianumexlffll
1038 1150 1077 1205 et
1104 1131 1263 1230 Faustum

50 1248 370 1428 Demffim
392 1244 861 1425 qmilemn'icemcpilitieiriuigri.
880 1347 900 1398 a
916 1234 1263 1421 meyrffirnpllolnor:

35 1438 132 1497 m
153 1436 359 1491 memorum
383 1415 651 1507 conservabant,
684 1437 722 1492 et
756 1416 859 1517 super
880 1441 1028 1516 quorum
1051 1416 1261 1515 sepulchris,

66 1530 121 1587 aot
135 1509 307 1610 reliquiir,
330 1530 431 1585 erant
454 1508 671 1601 consttutio,
694 1514 755 1591 sed
781 1513 850 1589 illis
872 1537 945 1588 non
968 1513 1113 1589 fuerunt
1135 1516 1262 1589 conse·

67 1604 611 1781 llnlulllllinlt}
633 1606 770 1780 pilei}
802 1609 1185 1781 ⁶¹¹¹¹¹c¹²li³¹¹²tii²⁰l
1202 1610 1261 1685 “¹

771 1761 780 1779 .
851 1762 860 1781 .
916 1730 938 1779 0
994 1728 1037 1780 an
1187 1727 1262 1778 rea·

65 1797 128 1890 dii,
156 1794 364 1894 justiniani,
397 1816 436 1871 et
459 1754 631 1887 aliorum:
649 1728 1016 1895 genemnirnomina,
1040 1804 1098 1876 vel
1114 1758 1164 1876 'ab
1188 1798 1264 1875 aliia

62 1890 328 1975 circumstantiis.
380 1890 441 1967 Sic
464 1888 719 1988 Hierosolymis
742 1894 832 1969 dina
852 1894 904 1969 est
923 1895 1076 1970 Ecclelia
1100 1894 1263 1994 onostofir

64 2006 199 2079 mour,
222 1985 365 2079 alocir,
390 1984 694 2084 Constantinopoli
709 1986 898 2085 onostosto,
929 1993 977 2065 ob
999 2014 1127 2066 novam
1151 1994 1265 2067 vitam

65 2106 124 2183 per
147 2082 332 2161 Arianismi
359 2080 631 2157 destruoiionem
656 2080 692 2159 ei
722 2087 855 2178 datam,
896 2087 1005 2162 Gre.
1038 2084 1131 2162 Nan
1165 2090 1265 2166 Orat.

68 2202 118 2276 3²·
141 2198 176 2255 et
193 2179 238 2253 de
251 2176 364 2276 somno
385 2176 581 2276 Anoflastoe
597 2234 608 2269 ,
626 2178 860 2256 Alexandriae
882 2181 953 2258 fuit
1014 2185 1168 2279 emplum
1191 2182 1265 2259 dic·

64 2295 130 2349 tum
147 2279 209 2350 Coe
226 2300 358 2364 orrum,
385 2297 405 2348 a
424 2275 524 2364 loco,
549 2293 653 2349 antea
669 2273 716 2349 stc
733 2278 916 2375 adpellato.
966 2275 1055 2352 Vid.
1084 2278 1203 2352 Voles.
1220 2280 1264 2355 ad

60 2371 177 2468 Eraga.
242 2371 324 2445 ‚11:
352 2376 385 2449 8.
436 2370 573 2446 Romae
604 2369 793 2447 Lateranor
820 2395 948 2446 nomen
982 2372 1124 2469 accepit
1155 2377 1265 2450 aLa-

61 2484 173 2559 temno
186 2461 337 2561 gentili,
365 2489 385 2540 a
400 2466 551 2540 Nerone
568 2466 802 2559 obtruncato,
828 2467 929 2563 cujus
943 2466 1058 2541 fuerat
1075 2466 1263 2577 palatium,

61 2562 203 2647 Hieron.
229 2583 287 2657 ep.
315 2585 373 2656 30.
399 2565 556 2657 epitaphio
585 2561 750 2638 Fabiolae.
798 2565 987 2653 Ceterum,
1018 2581 1058 2635 ut
1081 2562 1164 2637 rllud
1187 2560 1265 2638 obi·

59 2676 114 2766 tet·
128 2656 329 2747 observem,
360 2654 446 2731 licet
469 2656 667 2746 dedicatio,
700 2656 738 2732 in
759 2655 872 2733 allum
895 2655 1044 2735 dedntta
1065 2681 1130 2756 per
1153 2656 1267 2756 ipsum

55 2750 226 2856 relrgionir
257 2750 490 2844 exercitium,
532 2773 568 2827 et
608 2752 647 2826 in
670 2752 705 2827 se
731 2753 886 2829 aratione
927 2754 989 2830 fita
1013 2754 1057 2828 ab
1082 2754 1144 2828 usu
1167 2779 1265 2830 conr·

53 2848 145 2934 muni
166 2849 210 2924 ad
233 2846 456 2946 religiosum,
481 2846 567 2923 nihil
590 2845 675 2921 vitii
698 2777 850 2942 liabent,
881 2849 985 2927 facile
1009 2866 1126 2923 tamen
1151 2849 1189 2923 in
1212 2854 1267 2927 su·

53 2944 292 3117 {erffitionem
317 2943 529 3041 degenerat,
568 2939 656 3017 ficut
688 2947 764 3040 ejus
788 2964 826 3019 et
859 2945 930 3020 hoc
966 2963 1131 3041 tempore
1157 2945 1266 3042 aliqua

74 3058 201 3117 uerunt
219 3038 372 3130 indicia,
398 3062 479 3113 cum
504 3036 780 3115 consecrationis
804 3039 972 3116 effestum
997 3040 1147 3113 habetur
1162 3038 1267 3138 sanc·

52 3140 137 3211 titos
169 3135 326 3233 quaedam
360 3137 489 3209 interno
520 3136 615 3207 Tem
641 3132 683 3204 lis
705 3133 916 3223 conciliata,
963 3155 1030 3229 per
1061 3155 1163 3227 quarn
1187 3137 1266 3211 sunt

53 3233 96 3313 io
126 3228 282 3307 dominio
313 3229 407 3323 Dei,
446 3254 487 3306 ac
521 3155 718 3326 praelintia
749 3224 887 3318 diuina,
904 3243 958 3322 et
979 3227 1091 3324 gratia
1121 3230 1267 3322 quadam

52 3326 211 3503 ι’ἕέόιϋ,
237 3326 424 3402 censentur
443 3324 611 3439 praedita
663 3323 770 3426 Quod
786 3346 832 3401 ex
849 3321 1061 3422 Judaeorum
1079 3321 1206 3419 sacris,
1227 3345 1267 3403 et

108 3421 252 3503 utilium
275 3419 548 3521 superstitrone,
574 3417 748 3517 originem
772 3418 931 3517 repetiit.

121 3580 132 3599 .
154 3519 323 3597 CXXIX.
362 3518 513 3616 Reliqua
544 3521 743 3592 reverentiae
766 3514 864 3612 srgna
894 3516 1007 3591 verbo
1032 3513 1265 3627 perstringam

57 3641 91 3730 ι..
159 3639 244 3788 ᾖξ’,
267 3613 453 3713 ingteffuri
467 3611 674 3701 Ecclefiam,
699 3611 882 3727 diadema,
905 3609 1190 3725 custodiamque,
1210 3612 1266 3687 fo·

54 3736 101 3791 na
121 3736 159 3788 re
210 3714 388 3809 quebant,
420 3706 541 3805 Chrys.
574 3711 721 3804 Oratp
792 3710 948 3798 errlrum3
981 3731 1080 3802 cujus
1104 3727 1190 3783 rrtur
1213 3730 1269 3784 ra·

56 3810 187 3885 mortem
216 3829 361 3905 quoque
392 3804 514 3889 haberi
540 3804 653 3880 voluit
668 3704 841 3913 ‘retiilettu
862 3804 1036 3913 Fanorum
1065 3801 1141 3900 ipse
1162 3802 1271 3912 Julia-

59 3924 140 3997 ιιιι,
168 3906 310 3980 sozom.
337 3902 389 3976 H.
414 3900 463 3976 V:
491 3907 548 3976 16.
595 3899 738 3997 Requm
765 3921 837 3975 non
861 3918 996 3974 tantum
1022 3920 1058 3971 ιιι
1084 3920 1210 3973 amorra
1229 3912 1269 3972 et

55 4001 273 4079 reverentiae
299 3997 457 4095 fignum,
480 4019 603 4071 manus
626 3998 831 4093 vultumque
855 3996 1016 4068 lavabant
1034 4013 1115 4068 ante
1139 3991 1268 4067 introi·

51 4112 149 4190 m,
168 4096 211 4175 de
231 4118 309 4198 quo
336 4091 559 4196 supradixi,
580 4089 719 4279 sedReZ
729 4092 868 4191 januas,
892 4091 1047 4183 limina,
1068 4091 1279 4257 colomag-
