3008 4830
226 682 297 772 158
487 792 495 803 ‚
612 671 763 775 Historia
784 675 916 780 Eccles.
936 676 1059 780 cirisi.
1275 782 1287 790 ῃ
1491 767 1496 779 1

224 853 466 948 Andommi,
504 869 543 931 et
567 845 693 932 ‘cono
726 859 760 934 A
812 856 852 936 st.
886 861 933 935 11:
970 881 1029 952 25.
1089 857 1199 961 Quod
1230 845 1352 937 tomen
1364 880 1462 1035 ἐξ.

225 959 439 1031 (lectionum
465 954 508 1027 ab
533 951 714 1052 Episcopo
798 955 827 1029 ri
862 957 1048 1054 praecepit
1082 957 1275 1032 concil-inm
1308 959 1362 1032 Ch

223 1053 307 1126 don.
358 1051 392 1124 A
418 1072 490 1146 quo
518 1068 698 1146 tempore,
723 1071 763 1125 ut
789 1051 871 1128 illud
897 1054 1113 1149 anticipem,
1139 1055 1177 1128 in
1195 1054 1349 1128 Oriente
1364 1076 1461 1130 con·

223 1145 338 1224 stituti
363 1147 441 1219 sunt
466 1146 688 1235 Oeconomi,
712 1146 821 1224 serius
847 1149 885 1224 in
911 1149 1131 1240 Occidente,
1176 1150 1236 1247 qui
1261 1168 1365 1223 eram
1393 1149 1460 1224 ad·

222 1241 498 1331 ministratores,
523 1259 561 1317 et
579 1240 710 1340 Episco
737 1243 932 1320 orationes
956 1248 1153 1335 debebant,
1178 1265 1284 1337 quare
1308 1265 1348 1318 et
1363 1251 1458 1320 uice·

223 1341 343 1448 dividui
371 1337 534 1447 adpellari
557 1337 651 1415 sunt.
700 1268 785 1443 &uo
806 1343 956 1416 nomine
987 1360 1189 1432 venerunt,
1220 1362 1303 1414 cum
1324 1341 1459 1417 domes

223 1435 439 1532 Episcopabs
463 1437 675 1528 oeconomi,
699 1459 817 1510 rerum
838 1437 958 1511 domus
977 1440 1057 1534 ejus
1073 1457 1274 1525 curatores,
1301 1455 1375 1510 tum
1394 1450 1473 1511 re·'

222 1553 300 1605 rum
325 1527 645 1605 Ecclesiasticarum
661 1531 969 1608 administratores.
1020 1534 1132 1606 Erant
1148 1532 1187 1606 in
1213 1530 1323 1605 initio
1336 1554 1460 1631 aeque

221 1628 324 1702 Laiei
344 1650 386 1702 ac
411 1625 559 1717 Clerici,
584 1626 643 1700 sed
666 1625 786 1720 postea
804 1648 938 1704 tantum
952 1627 1107 1718 Clerici,
1132 1628 1215 1726 qui,
1243 1649 1324 1702 cum
1343 1629 1456 1726 saepe

222 1726 314 1801 male
346 1739 542 1810 vcurureut,
590 1725 787 1798 Wtricotam
827 1726 1003 1801 Ecclesiae
1046 1725 1186 1800 titulum
1229 1741 1453 1801 mernmuut.

221 1821 310 1894 V'rd.
345 1816 593 1895 Schurfleiseh.
618 1817 669 1893 de
703 1822 841 1898 Vinicii
865 1819 1032 1916 Ecclefise
1067 1839 1100 1915 3.
1126 1818 1270 1917 Judices
1305 1841 1458 1917 quoque

222 1915 337 1993 litium
363 1934 402 1989 et
424 1912 604 1990 causamm
622 1914 806 2010 civilium,
840 1940 905 2017 per
932 1918 1023 2016 ipsas
1052 1918 1301 2012 Inpemtornm
1324 1919 1451 2012 leges,

1028 2009 1153 2086 omisso
1177 2010 1220 2083 cd
1243 2011 1338 2108 ipsos
1357 2033 1455 2118 pro·

222 2010 408 2088 constituti
432 2011 529 2103 sunt,
568 2011 594 2086 fi
618 2011 799 2112 litigantes
824 2036 869 2088 ex
903 2033 1027 2182 εοωῑῐ

221 2128 413 2199 vocarent,
439 2107 500 2181 fed
522 2109 683 2204 exceptis
703 2109 953 2185 criminalibus.
1017 2110 1139 2183 scebat
1165 2124 1284 2182 tamen
1299 2105 1455 2204 Episco-

251 2206 260 2222 '
306 2203 545 2292 seem-usare,
568 2203 733 2280 Ambros.
763 2205 812 2279 de
832 2204 929 2281 offic.
963 2205 986 2277 l.
1012 2206 1060 2278 li.
1091 2226 1126 2278 c.
1157 2224 1213 2293 24
1242 2201 1452 2299 quietim

222 2229 337 2379 fulls.
363 2320 395 2375 c.
420 2320 455 2390 9.
480 2298 634 2374 declarat
659 2319 698 2374 et
720 2298 887 2390 deducit,
929 2301 965 2374 in
989 2297 1098 2393 confir
1118 2300 1319 2393 pecuniariis
1344 2301 1456 2373 imm·

223 2401 332 2476 uenire
369 2418 444 2470 non
486 2393 558 2468 effe
587 2393 796 2472 Sacerdotis.
853 2397 1020 2470 Cetemm
1049 2394 1209 2468 standum
1251 2413 1336 2466 tunc
1368 2412 1449 2469 erat

221 2495 480 2595 Episcoporum
503 2491 660 2588 judicio,
686 2493 780 2590 quod
803 2492 1023 2589 aJudicibus
1040 2489 1250 2565 secularibus
1267 2506 1344 2564 erat
1356 2513 1454 2564 ..exe-

223 2592 361 2668 cutioni
387 2589 627 2662 mandandum:
662 2588 742 2662 llus
777 2586 842 2662 vit.
876 2587 995 2663 Consi.
1028 2589 1097 2663 IV:
1135 2609 1192 2681 27.
1225 2585 1366 2660 Sozom.
1392 2586 1449 2662 H.

222 2691 252 2761 I:
278 2709 314 2776 9.
361 2681 506 2756 Exstant
530 2683 574 2755 de
599 2706 640 2756 ea
666 2686 912 2791 praerogativa
935 2686 1030 2781 leges
1056 2683 1201 2757 Arcadii
1226 2699 1264 2755 et
1280 2682 1446 2758 Horrocii

224 2781 263 2856 in
285 2779 365 2853 cod.
393 2776 518 2874 Jnstin.
543 2779 566 2853 l.
592 2780 620 2852 I.
650 2780 819 2868 t1t.1V.,
843 2779 903 2852 fed
918 2778 1143 2855 Constantini
1159 2781 1236 2865 lex,
1260 2778 1358 2875 cnjus
1372 2777 1451 2852 bil'·

223 2874 329 2952 turici
355 2872 452 2950 eluci
476 2873 735 2964 meminerunt,
768 2896 841 2950 non
862 2874 1040 2975 superest:
1074 2897 1162 2973 quae
1190 2871 1284 2948 enim
1309 2874 1352 2947 ad
1374 2875 1454 2949 cal·

223 2996 303 3049 cem
331 2970 409 3046 cod.
436 2969 616 3045 Theodos.
641 2969 817 3070 reperitur
851 2972 968 3068 spmia
992 2971 1072 3058 eli,
1111 2989 1152 3043 et
1173 2971 1320 3045 nimiam
1343 2970 1454 3067 linis¹

225 3069 323 3166 copis
346 3065 471 3142 tribuit
492 3066 740 3143 autoritatem:
764 3067 903 3168 dequo
928 3067 1001 3142 vid.
1028 3063 1245 3142 Gothosred.
1298 3067 1359 3139 De
1378 3079 1459 3141 ex·i

226 3165 352 3241 crcitio
376 3184 493 3239 autem
519 3163 828 3263 huius'potel'ratis
861 3164 996 3239 conum
1029 3186 1074 3237 ex
1103 3162 1266 3237 Ambms.
1297 3185 1354 3257 ep.
1385 3169 1455 3241 sisi

225 3264 270 3338 ad
294 3262 521 3348 Marcellum,
562 3258 707 3357 synesio
729 3284 792 3355 ep.
830 3282 914 3349 105.
950 3279 986 3334 et
1019 3257 1101 3332 siis.
1162 3257 1453 3333 committebant

225 3356 342 3431 a'ntom
375 3350 490 3426 cssrsas
520 3352 564 3424 ad
597 3355 632 3424 se
655 3353 804 3439 mutas,
847 3371 886 3424 ut
909 3352 1118 3450 plurimun,
1155 3356 1452 3454 Presbyteroaue‘

225 3452 390 3528 Diacono
414 3446 497 3534 sno,
537 3464 577 3521 ut
599 3445 690 3520 secit
715 3444 898 3544 Augustis.
933 3472 991 3557 ep.
1023 3470 1104 3525 110.
1135 3450 1306 3547 sylvanus
1331 3464 1453 3541 veto}

226 3542 423 3647 Episcopus
455 3542 625 3635 Troadis,
666 3540 859 3617 obserem-
878 3545 1098 3619 Clencornm
1123 3543 1294 3636 avaritia,
1334 3544 1455 3620 baleo

225 3642 343 3742 perito
369 3659 406 3714 et
429 3637 545 3725 fideli,
572 3641 705 3714 Socrat.
725 3637 773 3713 H.
792 3639 890 3712 'Vile'
911 3663 968 3741 37.
1020 3641 1191 3739 Denique
1213 3624 1455 3752 ipsasmsnol

226 3739 405 3815 nriffiunes
429 3735 486 3833 in
506 3731 658 3808 Ecclesia
681 3735 756 3809 fieri
781 3757 901 3810 coram
924 3738 955 3812 E
982 3736 1102 3833 iseopo
1132 3740 1289 3837 permisit
1307 3736 1451 3812 >cmlii

223 3826 303 3924 M,
323 3852 366 3905 nt
390 3830 565 3905 Sirmnnd.
594 3829 798 3907 observavit
820 3833 889 3931 Op.
914 3852 944 3907 t.
1004 3833 1077 3906 .ad
1103 3833 1288 3932 Augrlltin.
1315 3832 1453 3906 semro)

223 3954 285 4008 nes
315 3928 357 4036 ad
387 3928 515 4025 Script.
541 3930 577 4001 8.
626 3949 661 4018 4.
685 3925 866 4036 lioliremo
901 3927 1057 4008 nonnulli
1092 3930 1228 4004 eo'abr
1296 3928 1306 3943 '
1339 3930 1454 4003 smit-

33 4067 37 4074 ·
223 4048 266 4104 nt
287 4024 326 4097 in
347 4025 444 4098 bona
475 4041 516 4097 et
540 4022 649 4099 vitam
674 4028 820 4126 alliorum
853 4022 917 4098 libi
943 4044 1014 4120 per
1050 3950 1455 4129 censurafflelernlit

222 4119 425 4244 adrogauint
439 4117 679 4220 potestatem
710 4117 783 4196 uei·
803 4116 962 4264 cyrillus
987 4119 1099 4197 Alex.
1133 4119 1464 4295 summum&

251 4240 277 4287 ·,
347 4242 356 4253 .
819 4244 826 4277 -.
1362 4235 1409 4310 qu
