3074 4838
155 628 240 750 ,aa
317 560 324 584 ’
480 630 568 738 rust.
592 630 874 735 Eccte‘ssatrtst-
894 637 993 716 acco
1013 635 1082 716 ru.

90 846 94 852 ·
168 817 404 910 Catholieuru‚
427 831 465 892 ut
481 814 582 913 supra
597 816 762 895 narravi·
789 815 875 892 iliud
893 815 1005 911 addo,
1031 814 1281 897 Biclatieusern.
1296 823 1331 901 in
1352 829 1392 904 fi·

166 942 215 998 ne
239 915 404 994 chronici
427 914 580 1003 tradere,
602 914 705 1012 fidem
735 916 963 1007 taritaticum,
975 913 1048 1012 poa
1071 916 1190 1012 ungas
1214 921 1396 999 caranum·

12 1040 17 1049 ·
166 1041 240 1096 rum
264 1037 381 1102 ortes,
404 1010 843 1110 ttinnnttntr'umstragtr,
868 1014 998 1109 penitus
1020 1012 1244 1112 triumpitoffe.
1290 1023 1392 1095 Cete-

167 1136 248 1190 rum
274 1109 405 1199 obiter,
419 1106 531 1202 -quod
554 1106 615 1181 suo
647 1110 728 1182 loco
751 1108 905 1206 neglexi,
938 1108 1160 1200 observetur,
1199 1134 1220 1184 a
1252 1113 1391 1209 Synndo

164 1209 295 1286 Ariana
310 1200 563 1286 .Totetana.sub
580 1203 789 1301 leovigildo
812 1201 934 1293 fuiffe,
958 1202 1283 1302 teste-Biclariensm
1308 1235 1389 1286 con·

164 1303 341 1392 stitutum,
369 1317 451 1372 uta
474 1297 545 1371 fide
568 1301 727 1401 Romana
748 1299 791 1373 ad
814 1298 1000 1392 Ariorum,
1024 1321 1119 1398 quae-
1136 1301 1388 1397 catholini-ibi

162 1398 373 1510 adportent,
406 1393 743 1499 contemnemur
769 1413 888 1506 antea,
924 1398 1201 1505 rebaptizentur,
1225 1402 1294 1498 ¹sed
1330 1426 1389 1500 per

161 1490 563 1760 inriget-3223:
579 1489 1388 1684 terrenitatum

217 1703 367 1760 intua
420 1707 513 1756 o...
750 1724 779 1745 .·
858 1746 863 1755 .
1074 1700 1123 1739 ·-

162 1705 493 1881 ·p§.CCCXX1V.
528 1774 634 1853 Miffa
666 1762 909 1874 persecutione
930 1777 1080 1876 Perfice,
1119 1794 1224 1878 qnam
1262 1782 1384 1859 innis-

159 1879 253 1953 toria
279 1873 563 1969 Nestotianorum
576 1872 787 1964 memoravi,
801 1876 958 1950 tumultu
974 1876 1077 1951 etiarn
1097 1876 1384 1956 Samaritanorum

159 1974 201 2048 in
231 1967 436 2060 Palaestina,
473 1987 509 2042 et
539 1970 660 2065 inpetu
684 1967 724 2044 in
755 1968 986 2060 Christianos,
1005 1994 1009 2001 ·
1026 1993 1096 2068 quo
1124 1972 1274 2048 multum
1304 1978 1385 2072 paffi

155 2065 236 2143 sunt
252 2066 417 2157 a12-n9no,
440 2061 499 2138 sed
515 2087 608 2139 anno
622 2063 800 2161 sequente,
825 2066 986 2165 oppreffia
1009 2063 1241 2158 Samaritania,
1276 2094 1296 2142 a
1322 2074 1383 2146 dn·

157 2166 260 2239 cibus
284 2159 467 2262 Justiniani
497 2159 634 2251 sedato,
667 2164 774 2237 verbo
806 2180 938 2236 tantum
969 2180 1182 2255 memorato,
1212 2164 1284 2239 vid.
1311 2174 1381 2244 vira

157 2262 269 2335 Sabae
302 2283 334 2335 c.
370 2281 428 2353 70.
453 2258 743 2354 Angit-Saxonica
772 2256 809 2332 in
833 2258 1007 2332 Britannia
1038 2259 1157 2354 paucis
1178 2259 1281 2334 restat
1305 2289 1384 2359 per·

156 2355 363 2451 stringenda.
415 2356 614 2451 irruperunt
637 2355 737 2429 initio
758 2352 862 2428 seculi
879 2354 916 2427 in
932 2376 1006 2427 earn
1027 2357 1097 2427 duo
1113 2353 1286 2430 fortiffimi
1304 2365 1380 2436 An-

152 2453 405 2549 g10·8ax0nnm
432 2451 572 2541 Duces,
607 2451 792 2540 Cerdicus,
816 2449 956 2619 ejnsffne
980 2448 1083 2522 Filius
1106 2448 1296 2541 tetricus,
1321 2477 1379 2549 et,

2 2591 4 2595 -
157 2547 239 2640 post
255 2548 373 2620 crebra
392 2569 478 2619 curn
490 2547 655 2619 Britannia
668 2544 872 2637 certamina,
914 2544 1081 2619 undarunt
1098 2566 1242 2642 regnum
1260 2553 1375 2648 Wests

150 2641 330 2716 Saxonum.
377 2639 560 2732 Indigenas
590 2656 706 2722 autem,
730 2637 851 2711 misere
875 2643 1139 2730 obtruncarunt,
1181 2644 1233 2716 vel
1263 2665 1374 2740 regno

150 2737 374 2833 expulerunt,
426 2734 644 2826 Monachus,
669 2734 728 2832 qui
751 2732 996 2809 Wiutoniense
1019 2735 1215 2811 incolebant
1239 2742 1372 2816 monas·

150 2833 299 2923 terium,
325 2829 552 2923 trucidarunt,
584 2850 617 2905 et
640 2831 752 2943 ipsum
778 2829 1019 2904 monasterium
1037 2830 1075 2905 in
1093 2833 1282 2930 Templum
1297 2836 1372 2912 ido·

148 2928 261 3004 lorum
288 2944 546 3003 converterunt.
593 2927 754 3015 Deinde,
786 2927 884 2999 novis
906 2925 1017 3024 copiis
1039 2949 1060 2999 e
1086 2926 1294 3004 Germanico
1318 2935 1372 3008 iit·

148 3041 226 3099 tore
257 3022 540 3114 advenientibus,
573 3041 681 3097 totam
706 3021 779 3095 fere
804 3022 946 3096 Insulam
974 3021 1153 3098 vastarunt.
1207 3026 1375 3126 Denique

147 3119 354 3216 Bali-Angli
378 3119 584 3194 Christianos
603 3141 740 3218 quoque
764 3117 889 3215 ubique
907 3136 1094 3209 vexarunt,
1133 3136 1169 3190 et
1194 3121 1291 3217 plura
1313 3127 1370 3201 in.

80 3227 83 3233 '
147 3232 201 3290 ter
247 3216 529 3314 Angloasanones
562 3215 675 3290 ereiia
725 3212 803 3289 sunt
839 3235 944 3310 regna
982 3213 1017 3289 in
1066 3214 1248 3289 Britannia.
1314 3223 1375 3297 De

64 3381 69 3387 .
144 3308 286 3487 quibui,
317 3330 351 3384 et
375 3334 493 3389 cortun
511 3312 553 3388 ad
569 3308 881 3389 somniantum
905 3309 1148 3405 converfione,
1181 3333 1280 3410 agam
1316 3320 1372 3395 se.

117 3427 168 3504 ,ς
202 3431 224 3485 o
263 3425 420 3508 equente.

944 3665 996 3770 i<

509 3672 559 3771 ᾗ
876 3765 926 3865 a

585 3763 781 3869 iiii

654 3671 704 3770 ii
799 3668 849 3768 ii
