3008 4830
26 33 1409 413 —

129 692 163 796 ff
528 667 677 772 Ht'storia
700 670 828 775 Eccles.
854 671 971 777 Christ.

132 850 360 944 ,resumptum
393 850 486 951 quod
510 854 694 929 formulam
720 855 873 930 Nicaen.
899 854 979 930 dein
1001 851 1245 952 adoptaverit,
1278 868 1365 925 eta

146 951 326 1024 nonnullis
349 950 528 1023 Veterum
551 952 723 1036 absolutus
748 951 809 1040 stt,
833 952 907 1024 imo
934 951 971 1024 in
999 957 1172 1024 nonnullis
1188 969 1360 1045 martyro·

146 1046 253 1144 logiis
273 1049 390 1120 locum
414 1047 508 1119 inter
534 1047 667 1121 sancius
693 1056 892 1146 acceperit,
918 1047 981 1120 nili
1007 1048 1089 1120 illud
1114 1070 1157 1120 ex
1184 1042 1365 1120 consulioi
1380 1105 1382 1108 ,

144 1163 191 1215 ne
216 1165 296 1217 cum
328 1141 480 1216 Eusebio
503 1141 729 1218 Caesareense
764 1145 800 1217 in
828 1149 1071 1240 Cappadocia,
1105 1143 1216 1216 Basilii
1242 1137 1364 1212 deces-

148 1235 245 1328 sore,
272 1237 348 1336 quis
373 1258 488 1310 ortum
505 1240 612 1327 velit,
639 1240 695 1312 sed
714 1239 893 1314 Eustuthio
911 1240 1139 1311 Antiocheno
1165 1239 1201 1311 in
1219 1239 1364 1310 Herae·
1387 1285 1390 1290 -

147 1353 236 1407 mer.
263 1334 452 1432 adpellatur
475 1337 546 1430 quis
561 1335 769 1433 fundorum,
803 1355 840 1408 et
865 1337 907 1406 ab
932 1334 1278 1408 EcclesiaGulhcana
1295 1353 1364 1426 pro

147 1451 301 1527 martyre
334 1428 385 1500 est
416 1433 566 1525 agnitus.
620 1433 677 1504 De
711 1457 781 1528 quo
813 1430 885 1504 vid.
921 1431 1113 1524 Jtmningus
1144 1434 1180 1501 in
1207 1435 1363 1524 lipolog.

146 1548 215 1624 pro
244 1526 504 1620 Papebrochio,
536 1525 699 1623 ‘praefixa
731 1527 810 1600 Aet.
843 1528 956 1597 sanct.
981 1526 1097 1597 Mens.
1123 1527 1204 1620 J'un.
1256 1519 1385 1622 Qtod‘.

146 1645 236 1698 vero
262 1623 350 1694 Ario
376 1619 527 1710 faverit,
569 1621 743 1696 nonnullis
775 1619 966 1696 Catholicis
1004 1620 1111 1693 fuerit
1141 1624 1365 1705 adversatus,

133 1716 238 1796 nihil
261 1716 350 1789 aliud
376 1719 519 1811 probat,
559 1740 600 1792 ac
623 1717 733 1814 ipsum
766 1718 810 1791 de
845 1721 932 1789 Ario
963 1717 1173 1789 moderatius
1206 1715 1364 1801 l‘enlill'e,

149 1814 208 1889 vel
232 1812 347 1886 minus
372 1811 468 1884 reste
492 1813 593 1888 fuisse
624 1812 850 1904 instrudlum,
890 1811 983 1883 forte
1010 1812 1116 1885 etiam
1146 1811 1272 1906 aliquid
1295 1811 1369 1881 Eu·

146 1907 246 1985 sebio
270 1907 536 1982 Nicomedienh
558 1909 669 1984 amico
693 1909 843 1999 dedille,
869 1907 1021 2003 denique
1043 1905 1262 1980 ferventiora
1279 1907 1367 1978 alio·

146 2027 224 2079 rum
256 2001 376 2076 studia¹
399 2002 582 2081 damnalle.
633 2004 751 2110 Quare
783 1999 970 2080 Arianilmi
994 2001 1177 2077 >historiam
1210 2023 1367 2101 praeter·

149 2099 305 2188 miserit,
332 2120 414 2172 mox
436 2099 562 2174 dicam.

198 2192 230 2293 s.
256 2195 306 2270 V.
349 2216 379 2266 a.
406 2196 506 2292 Opus
541 2191 593 2268 est
617 2193 750 2292 judicio
782 2193 908 2271 critico
937 2197 974 2272 in
1009 2195 1133 2293 spuriis
1165 2214 1225 2268 aut
1249 2190 1369 2266 dubiis

25 2345 29 2350 ·
148 2289 291 2368 Eusebii
319 2288 434 2362 effatis
459 2290 703 2388 dijudicandis.
746 2292 879 2388 Utique
904 2293 1048 2378 Ariani,
1093 2294 1254 2365 homines
1279 2290 1368 2362 mul·

149 2407 264 2463 tarum
290 2384 437 2476 artium,
462 2386 616 2460 Eusebio
639 2386 803 2460 nonnulla
827 2389 1014 2462 inscribere
1038 2406 1252 2482 potuerunt,
1278 2409 1369 2482 quae

149 2484 226 2580 ejus
251 2505 324 2555 non
349 2481 445 2570 sunt,
470 2482 579 2578 aliqua
605 2482 712 2555 etiam
737 2504 782 2555 ex
805 2483 1011 2559 confusione
1030 2508 1109 2557 cum
1129 2482 1277 2556 Eusebio
1294 2483 1367 2553 Ni·

148 2575 373 2654 comediense
400 2575 474 2671 ejus
501 2576 674 2672 accepille
699 2599 839 2653 nomen.
891 2581 1048 2654 Dubium
1071 2579 1161 2652 mihi
1185 2576 1255 2670 est,
1281 2600 1368 2650 num

150 2698 240 2774 quae
264 2675 348 2769 Syn.
374 2671 460 2747 Nic.
487 2675 533 2747 Il.
567 2675 647 2746 Sec.
674 2673 778 2746 Vlll.
812 2672 876 2769 ipli
909 2677 1053 2759 tribuit,
1093 2673 1244 2770 genuina
1279 2672 1368 2761 sint,

149 2790 190 2845 ut
215 2788 253 2842 et
284 2791 365 2840 num
392 2768 535 2843 clausula
561 2768 661 2864 epist.
688 2768 767 2840 Eus.
802 2781 843 2843 ad
870 2773 1000 2844 Caesar.
1027 2772 1117 2864 apud
1145 2769 1369 2844 Theodorct.

152 2867 204 2942 H.
230 2865 268 2938 E.
296 2864 424 2952 1:12„
450 2889 539 2962 quae
562 2863 617 2936 his
632 2863 750 2937 verbis
764 2862 910 2960 incipit,
934 2863 1118 2963 priusquam
1134 2869 1206 2937 assu
1219 2867 1373 2959 gignere·

149 2978 227 3051 tur,
256 2962 406 3055 potentio
430 2978 501 3033 erut
524 2965 558 3033 in
581 2963 684 3034 Patre
708 2979 779 3032 etc.
806 2965 879 3057 ejus
905 2963 966 3051 ht,
1010 2985 1088 3033 cum
1112 2986 1189 3034 eam
1214 2985 1281 3034 ncc
1304 2964 1371 3032 So·

146 3075 236 3147 crat.
261 3057 311 3131 H.
338 3057 379 3129 E.
404 3057 432 3129 l:
461 3064 493 3138 8.
518 3079 586 3130 nec
609 3054 826 3154 Epiphanius
845 3056 1073 3133 Scholasticus
1089 3058 1228 3131 habeat.
1279 3056 1374 3130 Tra·

148 3153 206 3230 dit
246 3152 362 3226 uidem
380 3151 545 3230 Athanas.
563 3151 629 3250 Ep.
649 3155 693 3226 de
715 3158 843 3248 Synod.
869 3157 1022 3229 Arimini
1041 3177 1076 3229 et
1096 3155 1232 3226 Seleuc.
1257 3154 1370 3247 Oper.

148 3267 180 3337 t.
206 3177 252 3319 ll.
278 3246 464 3318 Eusebium
489 3251 526 3320 in
553 3252 663 3339 aliqua
687 3249 796 3336 Eprll.
823 3250 1009 3343 scriplill'e,
1045 3248 1170 3320 Filium
1197 3271 1268 3320 non
1297 3246 1370 3322 elle

150 3364 260 3420 utrum
292 3341 418 3427 Deum,
460 3339 519 3413 sed
550 3341 665 3426 addit,
699 3341 734 3410 le
767 3363 843 3412 eam
880 3344 919 3414 in
950 3339 1104 3416 manibus
1129 3366 1200 3417 non
1228 3344 1372 3419 habere.

148 3431 488 3530 Pseudo-Augustin.
516 3433 657 3538 Quaest.
682 3455 727 3506 ex
748 3434 795 3506 V.
820 3455 857 3507 et
881 3436 931 3510 N.
962 3435 1059 3510 Tell.
1085 3440 1126 3511 ad
1145 3442 1277 3513 calcem
1295 3439 1372 3512 Au·

151 3531 242 3632 gust.
267 3533 375 3623 Oper.
403 3548 428 3601 t.
455 3532 520 3604 lll.
548 3531 655 3616 dicit,
687 3527 874 3603 Eusebium
901 3531 1104 3618 adseruille,
1148 3536 1307 3632 Spiritum
1331 3536 1369 3612 S.

150 3625 315 3724 nesciriffe
331 3623 514 3720 mysterium
539 3628 725 3699 nativitatis
754 3623 894 3722 Christi,
918 3628 978 3701 sed
1004 3632 1070 3703 tale
1096 3631 1180 3726 quid
1204 3632 1372 3725 nusquam

28 3760 31 3770 ·
152 3723 244 3821 apud
277 3721 402 3794 Euseb.
437 3722 623 3815 reperitur.
672 3719 837 3814 Denique
874 3745 906 3817 3.
932 3746 1012 3796 cum
1043 3725 1087 3825 de
1120 3727 1191 3800 fide
1225 3725 1373 3824 alicujus

11 3882 16 3888 .
151 3843 198 3895 ex
221 3815 326 3912 ipsius
349 3813 496 3910 Scriptis
520 3815 648 3890 redlius
669 3812 870 3912 judicetur,
896 3817 1107 3896 conferenda
1129 3825 1207 3898 sunt
1223 3826 1370 3917 sequeu-

154 3916 206 3990 tia
229 3911 308 3986 Eus.
333 3911 485 4007 scripta;
510 3909 590 3985 libri
615 3913 688 4006 ejus
714 3930 833 3984 contra
850 3916 1085 4008 Marcellum,
1111 3939 1150 3992 et
1175 3920 1219 3991 de
1242 3920 1369 3995 Eccle-

149 3997 240 4102 fstast.
268 4007 491 4105 Theologia,
532 3997 627 4082 Hist.
656 4006 788 4080 Eccles.
814 4010 842 4082 l:
873 4034 905 4084 2.
932 4013 992 4086 ubi
1018 4012 1124 4086 fidem
1156 4015 1201 4087 de
1228 4014 1371 4090 Christo

144 4100 318 4206 exponit,
362 4122 401 4209 et
422 4101 535 4220 Epn.
559 4103 635 4206 ejus
665 4101 708 4254 ad
734 4102 868 4187 Caesar.
892 4106 994 4208 supra
1022 4127 1258 4305 tnernorata130
1260 4111 1375 4306 fflquq
