3008 4830
654 484 659 493 ι

1420 512 1438 525 0

332 586 335 591 ⁸
432 658 469 735 .·..
518 626 871 753 ..SeusW-J„
947 678 951 683 ·
1215 640 1271 739 δε.
1395 730 1398 736 ,

41 808 161 889 mlum
183 752 328 907 vertit,
349 823 501 907 propter
515 808 629 885 multa
640 806 1014 903 sabulosa-iioinserta.
1063 809 1107 883 In
1133 804 1258 883 uecte-
1324 774 1328 781 ι

40 902 270 993 snRomana
292 900 451 979 nundum
474 902 637 1003 tempore
663 902 793 983 Gelasii
814 904 929 1018 Papae
949 898 1030 983 adia
1053 898 1260 1002 Martyrum
1342 910 1348 935 ¹

41 998 136 1085 inisse
157 996 359 1097 praeledia,
398 1022 446 1087 ex
469 998 599 1075 Gelasii
621 1000 771 1077 decreto
795 1002 999 1101 cougnon:
1041 998 1138 1098 Ipsae
1172 1021 1259 1097 quo·

44 1096 246 1282 &Priori
269 1120 324 1181 um
348 1093 564 1189 saniii'onea,
587 1095 732 1172 utillud
756 1092 876 1173 obiter
899 1096 1042 1187 addam,
1066 1097 1110 1172 ad
1134 1095 1258 1170 Eccle-

128 1192 227 1283 ,vel
284 1188 531 1283 eclesiasticae,
570 1184 576 1197 ’
617 1190 798 1287 tinenteo„
823 1192 936 1291 jesiae
955 1190 1104 1268 ¹fuerunt
1128 1191 1166 1266 in
1188 1191 1258 1265 Ec·
1416 1241 1419 1245 >

47 1284 160 1367 desua
185 1284 263 1363 vid.
289 1284 548 1363 Gothosred.a
596 1288 685 1365 Cod.
718 1286 900 1365 Theodos.
931 1288 953 1365 1.
984 1284 1088 1364 XVI.
1121 1287 1177 1363 tit.
1206 1286 1256 1361 ΙΙ.
1326 1324 1331 1333 .
1427 1400 1433 1407 ¹

62 1380 307 1483 puxxxl.
338 1386 378 1471 β.
400 1380 507 1481 Quod
528 1381 573 1457 ad
596 1384 721 1477 modom
749 1386 943 1461 arundinem
972 1380 1134 1458 leiiiouis
1167 1381 1259 1456 adti-

54 1500 125 1569 net,
147 1486 186 1554 1.'
204 1478 292 1555 licet
308 1476 483 1553 Ambrosii
497 1496 658 1577 tempore
672 1472 762 1554 aliae'
784 1478 919 1555 suerint
943 1475 1117 1553 seniiones
1125 1476 1254 1574 fortui-

55 1590 118 1664 νε,
130 1598 199 1673 pro
215 1571 365 1650 arbitrio
384 1570 630 1671 praesidentia,
646 1576 706 1649 vel
726 1573 894 1651 librorum
910 1574 1115 1659 continuata
1132 1572 1257 1647 lediio·

51 1692 109 1762 ne,
137 1670 227 1744 aliae
251 1668 388 1744 solenni
411 1667 485 1745 ritu
509 1666 745 1762 constitutae,
783 1692 824 1746 ut
848 1666 1049 1746 observavit
1072 1666 1259 1744 Mabillou.

53 1764 141 1844 Mus.
168 1755 246 1843 ltas.
280 1783 370 1841 tom.
403 1764 472 1855 11.,
503 1762 624 1863 passim
660 1785 778 1841 tamen
811 1765 853 1842 ad
887 1783 1018 1841 certam
1052 1762 1263 1841 methodum
1371 1794 1375 1801 ·

48 1860 85 1937 et
101 1862 237 1973 regulap
260 1860 404 1970 suerunt
428 1856 561 1949 indiae,
591 1861 801 1972 praesertim
831 1858 946 1972 fesiis‘,
979 1882 1018 1936 et
1041 1860 1275 1973 temporibun

47 1956 1045 2160 misius&¹¹{15⁶2in{destitistis
1059 1958 1260 2129 ”tid-id

53 2168 87 2224 ta
104 2148 250 2224 docent.
295 2144 398 2221 Libra
423 2144 506 2245 Jobi
529 2165 567 2221 et
591 2149 721 2246 Jonae,
753 2173 809 2224 ex.
878 2147 1058 2225 .suerunt
1079 2171 1145 2246 per
1170 2147 1257 2224 heb·
1358 2194 1361 2201 ·

51 2245 231 2320 demadem
254 2243 453 2341 paschalem
477 2240 666 2339 praeledii,
707 2242 798 2319 teste
861 2244 1012 2322 mbrosto
1034 2266 1090 2339 ep.
1127 2267 1184 2318 20.
1218 2241 1261 2319 ad

50 2340 305 2417 Mareellinam.
351 2338 535 2433 Tempore
562 2338 692 2435 pascha
710 2340 908 2437 sequente,
950 2339 1121 2437 usquead
1150 2339 1263 2415 finem
1427 2388 1431 2401 ·

48 2433 286 2527 Pentecostes,
309 2435 514 2531 legebantur
529 2437 616 2509 Ado
632 2433 905 2530 Apostolorum,
938 2460 1005 2511 nec
1032 2435 1109 2508 alias
1128 2459 1194 2532 per
1207 2454 1262 2508 to·

50 2551 121 2609 tntu
142 2555 293 2622 annum,
334 2528 428 2604 unde
450 2526 582 2604 sodium
606 2527 679 2621 est,
722 2552 763 2606 ut
793 2532 882 2607 liber
907 2530 972 2606 iste
996 2528 1065 2606 suit
1088 2529 1182 2640 plebi
1209 2529 1263 2627 ig·

43 2628 165 2704 notior.
194 2622 371 2738 chrysost.
395 2624 494 2700 hom.
520 2626 550 2702 1.
576 2624 614 2699 in
645 2626 798 2705 Ariorum
835 2628 952 2705 initia.
1001 2627 1122 2730 Quahs
1139 2643 1260 2713 autem

50 2722 153 2799 suerit
174 2720 360 2797 Ledinonis
384 2719 495 2810 ordo,
519 2720 718 2799 adcuratins
741 2724 882 2799 definiri
909 2725 1052 2823 nequit,
1086 2745 1165 2798 cum
1186 2724 1262 2797 nul·

48 2822 115 2896 lum
131 2817 305 2917 ejusmodi
327 2816 571 2893 Ledionarium
590 2837 648 2892 aut
667 2819 936 2912 Kalendarium,
962 2841 1032 2893 tam
1057 2818 1262 2917 antiquum,

49 2918 90 2992 ad
113 2939 179 2990 nos
225 2911 416 2989 ervenerit.
463 2911 680 3012 Hieronymi
707 2917 850 3014 quidem
882 2918 941 2991 sub
969 2911 1112 2989 nomine
1138 2915 1262 2991 vendi·

49 3030 166 3100 tatur,
216 3008 302 3085 ‘duo
326 3010 437 3082 Comes
463 3008 536 3083 five
561 3006 824 3101 Lediionarius,
858 3011 984 3108 quiin
1015 3007 1264 3106 capitularibus
1313 3047 1316 3051 ·

49 3107 265 3181 Francorum
294 3124 380 3180 tom.
412 3105 459 3181 Is.
504 3101 646 3193 exstat,
688 3106 746 3179 sed
788 3109 862 3203 ejus
901 3128 974 3178 non
1008 3104 1077 3177 effe
1114 3104 1262 3181 constat.

48 3202 276 3296 Claudianae,
303 3199 483 3277 Mamerti
507 3195 680 3296 Episcopi
706 3197 923 3275 Viennensis
947 3196 1075 3286 frater,
1100 3217 1138 3273 et
1161 3199 1266 3277 coad-

46 3299 163 3410 jutor,
190 3300 294 3375 talem
307 3294 464 3467 ‘paidom
488 3293 526 3368 in
547 3290 656 3463 psum·
669 3294 844 3405 Ecclesiae
869 3293 1084 3373 Viennensis
1118 3317 1265 3398 compo·

45 3390 1265 3599 {sinesiisdimissis.sinistimus}sinii

49 3588 241 3685 supersunt.
284 3580 571 3682 Antnquriiimum
594 3584 646 3658 est
670 3581 931 3659 Lediuonataum
957 3583 1152 3676 Galhcum,
1185 3582 1267 3682 post

50 3683 217 3781 Gregorii
238 3688 298 3761 M.
333 3700 471 3778 tempus
493 3678 684 3777 scriptum,
722 3678 817 3779 qnod
840 3678 1070 3759 Mabillonius
1100 3680 1144 3757 de
1167 3678 1266 3780 cursu

49 3783 220 3859 Gallicano
246 3778 372 3855 edidit.

94 3876 127 3975 i.
148 3876 340 3954 LXXXII.
380 3893 414 3950 a.
438 3874 526 3950 Cum
551 3870 679 3972 linguis
701 3871 921 3962 vernaculis,
961 3889 1002 3947 ut
1028 3867 1127 3967 supra
1149 3871 1267 3945 obser·

51 3972 148 4066 vavi,
181 3974 281 4052 sacra
303 3969 440 4047 fuerint
463 3970 624 4068 pecudia,
659 3968 776 4047 notari
799 3985 975 4060 meretur,
1009 3968 1115 4066 Syros
1137 3965 1174 4040 in
1202 3968 1269 4040 Os-

40 4064 176 4164 droene
198 4090 239 4153 et
268 4067 537 4168 Mesopotamia
561 4064 641 4146 usos
663 4065 734 4146 effe
760 4065 905 4173 Syriaca
928 4061 1110 4151 versione,
1133 4058 1270 4137 Latinis

501 4194 540 4279 J
601 4160 680 4260 La
932 4198 939 4207 ·
1051 4150 1273 4261 versionem,
