3008 4830
134 659 205 757 89⁸
520 642 671 748 Hlslorr‘a
689 639 823 745 Eccles.
833 646 965 749 ,clun
1167 584 1173 591 ι

138 846 192 905 tra
214 825 467 931 Mammeos,
491 825 578 907 licet
600 826 703 903 vario
729 847 913 929 tempore,
946 825 999 907 'uti
1024 845 1150 907 contra
1171 825 1325 920 Faustum}

139 946 178 1001 et
203 926 370 1005 Felicem.
419 922 605 999 Recenset
634 947 720 997 mox
745 928 871 1001 librum
903 924 950 1003 de
972 929 1239 1001 cathechizandis
1258 927 1327 1001 ruli·

142 1022 225 1111 bus,
250 1041 414 1097 necnon
442 1042 487 1113 15
511 1017 675 1095 mactatus
697 1019 742 1093 de
763 1023 966 1131 Trinitate,
998 1045 1030 1096 a.
1056 1046 1145 1114 400.
1171 1025 1325 1135 inceptu,

140 1113 533 1322 §trentlilltn
547 1116 772 1321 tinet·
792 1115 1328 1323 ἓξὲὣῖἀςὲἲῖῗςῖῑῗῶἫ

139 1328 233 1381 tnter
257 1311 341 1396 alra,
383 1307 453 1381 sese
480 1331 500 1382 a
529 1309 827 1405 persecuuonrbus
857 1309 1050 1383 declaravit
1082 1313 1235 1386 ahenum
1294 1308 1326 1383 ru

143 1401 244 1502 epist.
268 1427 327 1496 44.
380 1406 544 1479 Ceterum
566 1404 744 1493 celebrem¹
766 1429 904 1502 quoque
928 1402 1025 1481 illum
1045 1405 1136 1481 fecit
1159 1404 1329 1495 anuumlu·

144 1499 363 1598 perstitionis
413 1499 579 1597 aganicac
603 1498 792 1574 destructio
815 1524 880 1598 pet
909 1500 1096 1579 Orientem
1120 1522 1160 1577 et
1181 1502 1331 1581 Occiden-

143 1616 239 1685 tem,
261 1596 351 1693 jullu
419 1592 532 1668 onorii
555 1613 593 1667 et
615 1595 784 1685 Arcadii,
808 1603 938 1709 dequo
955 1597 1028 1672 vid.
1052 1597 1131 1694 Ipse
1146 1597 1337 1697 Augurum

145 1695 191 1777 de
219 1693 316 1768 Cinlt.
338 1690 407 1765 Del
429 1691 452 1765 l.
477 1690 620 1767 XVlll.
645 1711 677 1766 c.
701 1712 761 1785 53.
815 1693 958 1771 Deinde
987 1716 1019 1768 a.
1050 1715 1136 1783 400.
1171 1692 1341 1771 teatrum·

144 1787 280 1885 scripfit
306 1787 350 1862 de
381 1784 532 1896 consensu⁸
554 1788 860 1886 Euangelillnrnm,
897 1808 935 1863 et
968 1789 1194 1896 adjanuarii
1216 1790 1344 1899 relpop⁴

143 1884 195 1965 dit
249 1880 443 1961 uaestiones
474 1881 577 1980 epist.
601 1904 683 1977 54„
715 1908 763 1963 eu
797 1886 902 1963 etiam
937 1906 1081 1960 nurnine
1115 1885 1345 1967 memorabili»

144 1908 247 2081 quoi
260 1978 306 2055 de
330 1977 631 2091 consuetudinibus,
656 1980 843 2092 etritibus
873 1980 1035 2069 diuerfit,
1057 1981 1103 2090 ‘in
1128 1982 1282 2059 Ecclefin
1299 1972 1354 2057 rbi

144 2076 237 2153 haud
263 2099 374 2179 pauca
406 2096 646 2174 repertantur:
686 2077 814 2155 lrbrum
837 2099 977 2175 quoque
999 2075 1146 2173 scripsit.
1167 2080 1213 2154 de
1244 2086 1354 2193 oper*

142 2172 402 2263 Matutinarum,
426 2190 549 2247 contra
575 2171 753 2269 pignoret
771 2174 904 2251 inerter
919 2176 1015 2247 inter
1030 2196 1115 2264 eor,
1139 2175 1224 2271 qui,
1238 2194 1355 2275 prete·

144 2269 193 2347 tia
218 2287 424 2370 praetextu,
447 2268 492 2344 de
514 2267 637 2343 alienia
659 2270 834 2349 laboribus
849 2269 974 2345 viuere
990 2269 1187 2347 malebant:
1209 2270 1248 2347 in
1262 2256 1355 2370 quod

145 2367 275 2453 vitium
300 2362 420 2456 multi,
453 2387 520 2462 pro
547 2362 669 2440 sanetis
693 2364 824 2452 lrnbiti,
860 2365 932 2461 janu
958 2364 1167 2439 inciderant.
1219 2363 1355 2445 Praeti·

172 2489 251 2543 uam
276 2486 367 2541 veru
398 2460 569 2560 inpendit·
595 2484 738 2560 operam
772 2459 967 2539 Donatistis
996 2460 1215 2554 refutandis,
1251 2459 1355 2539 editi*

143 2489 241 2646 ibris
265 2577 390 2633 contra
416 2555 624 2634 Petilianum
648 2579 689 2628 ac
710 2556 999 2648 Parmenionem,
1033 2576 1072 2630 et
1093 2557 1139 2630 de
1165 2560 1355 2655 baptismo*

144 2650 280 2750 scripsrt
312 2652 416 2727 etiarn
451 2672 573 2725 contra
598 2651 825 2746 Jovinianum
859 2653 984 2726 librum
1009 2654 1047 2725 dr
1078 2658 1158 2729 bont
1193 2660 1344 2759 conjugii

145 2768 217 2925 ll}
250 2746 413 2935 tellit:
431 2745 516 2938 lit
536 2745 1356 2943 llllltllllrll‘tngltlnfftltlz

212 2901 225 2938 ²

153 2962 228 3141 ,aly
249 3002 389 3149 XXIV.
430 3037 519 3149 Duo·
543 3034 663 3112 habita
686 3040 764 3117 sunt
794 3061 824 3116 a.
850 3061 933 3131 401.
959 3036 1107 3149 concilia
1135 3042 1334 3153 carthagin.

144 3137 181 3217 in
199 3137 329 3305 (purbur
354 3154 448 3209 inter
479 3139 541 3210 alta
567 3135 747 3211 decretum
780 3134 850 3224 est,
891 3154 929 3208 ut
959 3135 1188 3228 Donatrstae,
1228 3163 1289 3238 qur
1315 3161 1357 3215 ac

144 3232 198 3331 Ee
231 3231 334 3306 estam
361 3232 551 3317 redierint,
585 3237 724 3318 locum,
760 3255 861 3325 quem
888 3231 925 3305 in
953 3233 1054 3304 Clero
1080 3234 1234 3327 habent,
1276 3237 1357 3311 reti·

144 3347 273 3415 neant,
299 3329 396 3420 cujus
420 3330 511 3398 ratio
539 3326 608 3399 fuit
635 3324 779 3420 penuria
803 3327 1017 3400 Clericorunr
1044 3330 1357 3408 catholicorumin

148 3421 282 3509 Africa.
338 3419 483 3515 Scripsit
516 3443 599 3494 morr
629 3443 659 3492 a.
683 3442 768 3508 402.
801 3422 948 3516 reliquos
979 3424 1067 3496 duur
1097 3424 1208 3502 libros
1240 3448 1357 3504 contra

148 3515 376 3605 Petilianum,
400 3517 499 3612 cujus
526 3515 714 3590 calumnias
734 3517 890 3591 modeste
914 3518 1063 3606 refutat,
1095 3540 1135 3594 ut
1160 3543 1199 3597 et
1225 3527 1273 3601 de
1293 3528 1358 3599 uni·

149 3633 221 3699 tate
243 3609 428 3689 Ecclesiae.
480 3616 574 3691 Dum
606 3629 724 3687 autern
750 3614 920 3689 Catholici
951 3614 989 3688 in
1026 3617 1227 3693 Donatistis
1260 3622 1358 3697 redu·

148 3710 271 3792 cendio
295 3705 459 3802 occupati
485 3708 614 3795 effent‚
641 3708 839 3784 libertatem
864 3733 1000 3806 quoque
1018 3714 1293 3805 praedicationis
1309 3740 1358 3792 ur·

171 3824 292 3895 erent,
318 3801 526 3885 Donatistae
545 3803 722 3879 traduntur
738 3807 856 3880 omnia
882 3831 943 3901 per
960 3808 1273 3889 Circumcelliones
1291 3836 1358 3890 tur·

173 3898 258 3987 affe,
292 3900 493 3976 Catholicos
525 3920 714 3992 vexantes,
757 3902 954 3998 Augustino
978 3902 1041 4000 ipsr
1065 3926 1103 3977 et
1126 3909 1202 3984 aliis
1227 3909 1358 3987 struen-

150 4020 203 4082 εει
226 3993 385 4085 infidias,
420 3997 468 4071 ita
498 4015 537 4069 ut
562 3995 604 4068 ad
633 4000 871 4092 Imperatorem
895 4000 1107 4094 confugere,
1143 4025 1181 4079 et
1208 4007 1356 4080 severio-

139 4119 201 4177 rca
221 4094 318 4193 leger
339 4113 462 4169 contra
479 4091 685 4179 ¹Donatistae
706 4117 852 4193 petere,
875 4095 990 4173 contu
1012 4096 1157 4177 luerint
1190 4099 1354 4200 Augusti·

721 4260 725 4269 .
792 4251 816 4269 ·.
1290 4218 1359 4276 llus
