3074 4838
183 709 259 784 532·
571 678 721 784 Historia
742 683 871 786 Eccles.
887 688 1013 792 'sitifi

182 865 274 957 cite't·
298 864 373 965 ipse
399 860 534 963 pergit,
570 868 753 962 prigeuiem
777 867 924 942 Setticae
948 872 1078 965 gentis,
1114 872 1405 961 &Britannorum

183 965 325 1055 uicinia,
350 965 422 1060 qui,
441 963 551 1058 juxta
562 958 708 1060 subulas
720 979 908 1060 poetarum,
920 964 1095 1061 spirituali
1115 976 1401 1074 percutiendusejl

184 1061 301 1148 claua,
326 1076 362 1132 ut
385 1069 534 1147 aeterno,
557 1081 629 1132 cum
642 1058 707 1154 suo
734 1057 889 1160 magistre
912 1064 1067 1156 Plutone,
1090 1066 1223 1160 silentio
1248 1075 1404 1172 contices-

183 1173 252 1233 cat.
300 1153 370 1227 Sed
395 1152 492 1228 canis
514 1150 572 1227 ille
606 1154 658 1227 est
690 1178 710 1227 a
734 1155 877 1251 Pelagio
899 1159 1049 1232 omnino
1073 1165 1274 1257 dillinlius,
1316 1170 1403 1245 dicit

178 1250 277 1326 euim
303 1272 385 1325 eum
411 1271 476 1344 per
499 1269 624 1324 canem
648 1248 742 1324 illum
770 1251 913 1340 latrare,
938 1272 976 1327 et
1000 1277 1120 1333 moxa
1145 1262 1308 1359 magistre
1325 1268 1399 1340 Plu·

179 1366 268 1422 tone
300 1345 478 1422 discernit.
530 1347 572 1421 ln
604 1347 715 1421 oculis
747 1344 866 1444 itaque
897 1347 1019 1423 habuit
1055 1352 1273 1449 Celestium,
1315 1350 1407 1460 qui,'

179 1462 220 1518 ut
243 1464 325 1517 mox
349 1443 507 1541 patebit,
539 1441 608 1517 fuit
631 1444 767 1516 Scotus.
820 1441 906 1515 Vita
929 1462 968 1537 et
984 1447 1195 1540 profefflone
1221 1453 1291 1527 fuit
1312 1459 1399 1530 Mo·

178 1540 330 1631 nachue,
354 1559 393 1614 ut
409 1557 548 1613 veteres
563 1538 773 1614 unanimiter
790 1539 950 1629 tradunt,
975 1563 1081 1636 quare
1104 1549 1198 1619 iuter
1215 1551 1325 1626 laicos
1341 1575 1399 1626 re-

175 1632 289 1712 fertur
320 1638 365 1710 ab
398 1632 595 1730 Augustino
628 1633 673 1706 de
706 1629 809 1727 gestis
830 1633 975 1731 Palaesi.
1008 1657 1119 1713 eontra
1151 1646 1344 1741 Pelagium¹
1361 1671 1398 1741 c,

178 1755 262 1830 35„
286 1728 433 1821 Orofio,
458 1747 495 1802 et
519 1728 603 1804 aliis.
652 1727 752 1830 Quae
778 1750 866 1800 vero
892 1732 1107 1807 recentiores
1139 1737 1183 1809 de
1211 1743 1293 1814 loeo
1310 1745 1397 1817 Mo·

175 1829 345 1905 nachatus
368 1824 464 1922 ejus,
496 1824 554 1897 vel
580 1844 618 1900 et
644 1824 689 1897 de
712 1824 901 1914 clericatu,
934 1827 1084 1917 liabent,
1117 1831 1266 1910 fabulosa
1293 1838 1395 1930 sunt,

175 1941 216 1998 et
237 1924 349 1996 relatu
373 1918 528 2020 indigna]
579 1916 694 1994 Fuisse
718 1939 833 1993 autem
859 1919 974 1995 virum
998 1923 1168 2017 sancium,
1196 1932 1392 2026 eruditum,

57 2069 59 2073 «
175 2036 216 2092 et
244 2039 391 2114 magnae
416 2014 755 2125 existimationisiu
775 2016 947 2107 Ecclesia,
972 2038 1055 2092 ante
1072 2024 1244 2119 vulgatam
1269 2029 1399 2105 haere

171 2108 247 2205 fin,
290 2110 506 2211 Augustinus
528 2111 619 2186 haud
644 2132 717 2185 uno
744 2134 781 2183 tn
817 2111 899 2184 loco
934 2114 1073 2190 fatetur.
1125 2120 1184 2194 sic
1210 2124 1231 2197 l.
1258 2125 1322 2199 111.
1346 2128 1396 2203 'ad

172 2209 449 2299 Marcellinum,
471 2232 552 2282 eum
568 2228 647 2300 cap.
672 2227 703 2277 1.
719 2204 864 2301 adpellit
882 2207 1018 2298 virum,
1044 2229 1079 2284 ut
1095 2220 1209 2305 audio,
1219 2218 1395 2315 santium,

171 2323 206 2379 et
230 2329 290 2379 nort
310 2325 410 2400 paruo
436 2302 578 2402 proselire
608 2299 850 2393 Christianum,
891 2322 929 2376 et
956 2332 984 2379 c.
1011 2328 1043 2395 3.
1083 2314 1196 2386 bonum
1229 2332 1262 2386 et
1298 2337 1396 2410 prae.

171 2404 343 2476 dicantlum
361 2405 486 2490 uirum,
519 2405 622 2475 virum
648 2416 716 2471 tam
735 2399 863 2491 egregie
882 2400 1122 2495 Christianum,
1149 2409 1261 2484 rursus
1287 2417 1309 2487 l.
1335 2415 1393 2489 ΙΙ.

172 2522 204 2574 c.
232 2504 288 2574 16.
319 2498 410 2593 casta
438 2502 509 2572 vita
549 2491 745 2598 motibusque
776 2494 995 2584 leudesium,
1039 2499 1113 2574 imo
1146 2505 1183 2577 in
1212 2507 1315 2604 epist.
1348 2511 1393 2585 ad

171 2591 373 2691 Pelagium,
399 2591 549 2688 quaein
577 2592 655 2684 ejus
681 2589 742 2660 lrb.
769 2587 813 2660 de
836 2589 940 2683 gestis
964 2593 1076 2691 Pelag.
1101 2618 1134 2672 c.
1165 2621 1222 2694 27.
1257 2628 1295 2676 re
1341 2605 1387 2678 fi.

172 2706 249 2777 tut,
266 2687 423 2763 dominum
443 2681 698 2783 dilellt‘ffimum,
719 2699 751 2754 et
767 2680 1067 2783 deſsderutt'fflmum
1074 2690 1235 2785 fratrem.
1287 2628 1391 2801 guod

119 2775 122 2795 '
172 2783 270 2860 idem
290 2785 483 2860 luculenter
499 2806 543 2856 ex
559 2778 661 2878 epist.
682 2780 817 2875 Pelagii
833 2780 875 2854 ad
898 2783 1162 2877 Demetriadem
1187 2791 1390 2891 virginem,

170 2905 259 2982 quae
293 2879 387 2957 iuter
412 2877 715 2984 Hieronymianus
746 2873 926 2970 superest,
944 2879 1138 2975 patescit,
1182 2910 1285 2985 quam
1314 2917 1392 2967 vere

165 2981 327 3053 eruditum
341 2992 384 3066 ⁴et
408 2977 606 3071 eloquentem
628 2971 725 3047 dixrt
740 2969 920 3083 Erasmus,
944 2976 1057 3066 adde,
1087 2982 1256 3058 masculae
1275 2989 1389 3083 pieta-

170 3075 222 3148 tis
248 3075 396 3171 plenam.
456 3075 499 3148 ln
522 3096 590 3242 {ua
611 3069 789 3146 internum
823 3085 955 3166 gratrae
980 3073 1144 3150 auxilium
1170 3103 1306 3179 quoque
1331 3084 1390 3159 vi·

168 3168 274 3244 detur
297 3167 497 3269 agnovisse,
554 3169 583 3244 is
618 3167 695 3242 usus
714 3159 858 3255 uerbis,
893 3164 988 3240 Ouod
1011 3167 1047 3259 st
1085 3177 1185 3249 etiam
1211 3175 1284 3270 fine
1314 3180 1390 3256 Det

165 3264 336 3365 (gentiles
367 3267 502 3362 gratiae
535 3257 672 3363 ignari)
711 3269 851 3343 homiues
890 3234 1075 3362 fflendunt,
1117 3274 1227 3365 quales
1259 3300 1280 3347 a
1316 3275 1389 3352 Dee

159 3363 253 3473 salii
267 3357 371 3456 sunt,
402 3362 472 3434 uide
494 3363 571 3454 quid
594 3360 765 3461 Christiani
785 3357 905 3454 fucere
929 3357 1073 3455 prffuut,
1107 3389 1236 3460 quorum
1265 3372 1299 3442 iu
1322 3397 1390 3449 me-

165 3474 231 3549 tius
260 3476 319 3555 pet
347 3453 504 3552 Christum
521 3474 641 3530 natura
665 3475 697 3532 et
714 3462 786 3534 vita
810 3449 964 3548 instruite
989 3455 1058 3553 est,
1080 3454 1163 3555 (per
1189 3463 1390 3546 dollrinam

141 3606 146 3612 ·
165 3586 208 3644 et
224 3549 440 3650 exemplum)
466 3569 497 3624 et
514 3556 568 3648 qui
582 3555 707 3630 divinae
727 3571 842 3650 quoque
862 3555 995 3645 gratiae
1013 3551 1118 3650 (adeo
1144 3582 1188 3632 ue
1203 3560 1389 3656 internae,

159 3660 299 3764 ,quippe
321 3654 363 3727 ab
388 3647 615 3726 instructione
637 3650 746 3725 modo
768 3667 982 3737 memorata,
1006 3581 1204 3750 distinam)
1221 3659 1388 3748 juvantur

159 3760 302 3841 auxilio.
352 3748 482 3826 Rursus
499 3745 586 3821 ibid.
611 3747 799 3835 alioloco,
824 3737 973 3836 ostendit
995 3750 1140 3839 quotnodt
1162 3747 1303 3842 reſsstere
1328 3756 1388 3829 rir-

165 3863 298 3936 beamur
322 3849 480 3938 Diuitit,
498 3839 533 3938 ſs
554 3846 661 3939 utique
676 3839 783 3934 fimus
802 3834 930 3935 subditi
954 3839 1058 3955 Der,⁸
1076 3844 1201 3940 ejusque
1219 3845 1388 3944 faciende

162 3957 377 4037 uoluntatem,
401 3960 437 4018 ut
460 3941 604 4017 diuinum
620 3943 722 4013 etium
752 3956 932 4010 mereantur
963 3954 1144 4030 gruttam
1181 3958 1213 4016 et
1237 3945 1386 4038 facilius

160 4071 295 4150 aequum
313 4038 466 4137 spiritui,
490 4038 616 4114 auxilio
633 4033 751 4132 sunlii
767 4028 923 4127 spiritur,
956 4029 1153 4129 reſsstamus.
1206 4041 1380 4139 Depingi-

141 4187 151 4235 3
160 4126 359 4252 mquikietu
373 4134 675 4234 abHie'ro'nymu,
695 4125 892 4220 etOrofio,
911 4147 1074 4226 tunquam
1082 4131 1243 4216 auimiet
1256 4156 1388 4247 corpe·

736 4293 737 4297 ,
1339 4255 1391 4310 rte
