3008 4830
383 700 395 713 ·
498 664 544 749 ’,
673 662 872 744 SecullV.
962 686 965 691 ·
1298 671 1368 758 185

118 876 175 930 res
203 863 248 924 et
281 861 458 934 cantores,
481 838 627 943 ostiarii,
660 850 827 943 cupiatur,
857 845 917 921 stu
937 841 1090 935 fossarii,
1121 864 1266 942 quorum
1288 862 1364 919 erat

118 954 267 1027 funera
293 966 442 1032 curare,
460 942 676 1038 parabolani,
701 943 761 1041 qui
782 961 1009 1039 aegrotorum
1031 944 1202 1042 gerebant
1225 966 1363 1032 curam,

117 1050 161 1125 le
180 1066 274 1143 quo
294 1038 467 1127 nomine,
502 1058 694 1135 eommque
712 1038 855 1129 officio,
880 1039 988 1117 etiam
1010 1038 1054 1113 de
1073 1039 1277 1114 tumultibus
1292 1041 1363 1115 sae·

198 1142 257 1215 ab
288 1134 379 1233 ipfis
409 1133 615 1226 concitatis,
657 1133 731 1211 vid.
764 1134 930 1211 Gothosr.
962 1133 1005 1209 ad
1040 1135 1128 1212 Cud.
1164 1135 1305 1212 Theod.
1339 1139 1361 1215 l.

155 1238 241 1315 Vl.
265 1232 331 1307 tit.
353 1253 387 1305 2.
411 1246 449 1303 et
471 1252 553 1324 43.⁵
576 1228 639 1305 ubi
652 1230 870 1327 inperatoris
893 1230 1069 1327 reperitur
1084 1230 1135 1305 ad
1151 1254 1214 1305 eos
1232 1234 1363 1309 refrae-

118 1332 278 1411 mneos
308 1323 542 1402 constitutio:
581 1344 761 1423 praeterea
792 1324 1039 1419 Eccleſsecdirr',
1079 1325 1138 1399 seu
1162 1327 1364 1408 defensores

124 1424 357 1513 Ecclesiae,
379 1421 441 1519 qui
466 1424 541 1517 ejus
562 1420 698 1520 syndici
720 1439 840 1514 erant,
870 1442 906 1495 et
937 1420 1118 1511 advocati,
1174 1425 1287 1515 uales,
1318 1428 1362 1504 ad

128 1522 353 1621 exemplum
377 1515 510 1593 urbium
532 1516 569 1590 in
595 1519 681 1593 orbe
704 1518 890 1607 Romano,
922 1518 1065 1593 suntab
1087 1445 1252 1593 acdestis
1274 1520 1365 1615 peri·

134 1620 192 1711 ti,
218 1638 261 1693 et
280 1620 329 1689 ab
353 1613 612 1710 inperatoribus
636 1612 812 1724 cunceffi2
832 1613 924 1723 circa
947 1614 1008 1690 fin.
1034 1611 1124 1705 sec,
1147 1612 1185 1687 in
1208 1614 1364 1693 concilio

129 1716 375 1808 Carrhagrn„
400 1726 439 1783 ut
455 1731 624 1805 pauperes
638 1728 761 1783 contra
776 1710 906 1785 divites
921 1707 1176 1784 defenderent:
1202 1708 1262 1783 sed
1277 1712 1362 1790 dein

121 1812 224 1891 aliae
251 1803 472 1882 access'etunt
506 1803 669 1879 rationes.
696 1803 781 1879 Vid.
805 1808 978 1899 Revereg.
1002 1804 1045 1879 ad
1067 1825 1192 1914 canou.
1218 1805 1363 1883 ehalce.

125 1912 227 1985 dun.
255 1922 297 1979 et
321 1901 493 1975 Gothosr.
516 1900 558 1975 ad
585 1900 673 1976 Cod.
699 1900 880 2008 Tbeodos.
899 1901 926 2023 l.
953 1924 985 1974 c.
1019 1900 1198 2013 'Denique
1223 1908 1363 2022 notarii,

130 2006 204 2173 tr
218 2020 492 2263 {satagas
508 1998 1363 2206 litteraturam·assuat:

156 2213 278 2269 erunt.
332 2192 381 2263 Po
412 2211 510 2262 remo
534 2186 755 2283 spedistans,
780 2187 835 2262 seu
860 2188 1089 2287 responsales,
1115 2189 1174 2287 qui
1192 2191 1360 2269 Ecclesia·

142 2315 224 2367 rum
250 2304 291 2360 et
318 2285 570 2394 Episcoporum
597 2288 738 2359 nomine
762 2285 983 2395 versabantur
1021 2285 1059 2359 in
1085 2287 1160 2360 aula
1183 2286 1362 2383 inperato-

144 2383 553 2588 ussegidimlililleldblllea
579 2384 683 2586 Ldadd
706 2400 923 2586 giddddrum
941 2475 1187 2568 ordinatione,
1213 2496 1360 2553 externo

151 2576 296 2663 habitu,
313 2594 500 2669 conjugio,
518 2592 554 2645 et
571 2575 784 2669 privilegus,
803 2574 969 2667 quaedam
984 2572 1196 2671 subjungam.
1218 2578 1362 2648 Ordina-

153 2678 250 2747 tiom's
272 2670 361 2743 ritus
384 2670 527 2741 suerunt
552 2669 742 2763 praecipue
766 2672 959 2763 sequentes.
1010 2693 1041 2745 r.
1069 2672 1282 2747 Genulltxio
1301 2695 1364 2745 co·

156 2795 224 2845 ram
248 2767 368 2853 altari,
402 2763 548 2853 Dionys.
576 2760 758 2838 Ilierarch.
785 2788 816 2838 c.
842 2784 876 2855 5.
901 2786 937 2838 et
966 2764 1185 2843 Theodoret.
1211 2770 1259 2843 H.
1292 2771 1361 2843 lV:

163 2890 215 2957 rs.
263 2887 295 2937 2.
322 2864 494 2954 blatteum
513 2857 680 2953 inpositio
699 2883 778 2934 cum
796 2860 979 2956 precibus,
1007 2861 1124 2938 Coust.
1152 2864 1219 2957 Ap.
1256 2865 1361 2938 Vlll:

165 2971 216 3037 16.
239 2960 408 3055 adpellata
426 2977 462 3028 et
487 2960 664 3051 χιιροθωια
687 2977 723 3030 et
745 2969 929 3052 χειροτονία,
955 2956 992 3030 in
1010 2959 1204 3032 canonibus
1219 2959 1305 3032 Nic.
1324 2980 1363 3033 et

165 3056 316 3131 chalced.
375 3052 476 3154 Quae
509 3074 626 3126 tamen
659 3074 768 3127 voces
796 3055 906 3148 aliqua
930 3054 1087 3125 laborant
1114 3053 1363 3145 ambiguitate:

166 3158 254 3249 prior
275 3149 370 3225 enim
395 3143 641 3243 aliquando'in
673 3169 802 3242 genere
832 3147 1073 3219 lenedidlouem
1102 3149 1276 3221 Ecclesiae
1306 3151 1368 3222 de-

164 3266 277 3338 notat,
304 3244 424 3321 Coust.
449 3246 519 3339 Ap.
545 3246 646 3319 Vlll:
675 3250 732 3322 28.
758 3262 795 3316 et
815 3248 976 3340 χειροτονία
997 3240 1141 3315 subinde
1164 3241 1268 3317 solam
1283 3249 1368 3322 eler-

157 3349 288 3433 timem,
315 3342 377 3439 qui
395 3341 469 3436 ejus
486 3336 537 3413 est
551 3342 641 3436 apud
664 3337 837 3415 Eroticus
863 3344 960 3431 usus,
983 3335 1041 3412 sed
1059 3340 1150 3436 apud
1171 3340 1367 3421 Ecclessast.

158 3442 342 3538 striptores
378 3437 494 3533 pafflm
530 3435 787 3509 ordinationem
818 3462 884 3535 per
917 3432 1161 3533 inpositionem
1191 3461 1369 3517 manuum.

158 3539 243 3615 vid.
279 3540 414 3610 Fronto
439 3534 602 3605 Ducaeus
623 3531 665 3604 ad
688 3531 808 3626 Chrys.
840 3534 938 3606 hom.
973 3533 1001 3606 1.
1034 3532 1076 3606 ad
1111 3533 1371 3612 Antiochenos.

158 3633 322 3730 Denique
356 3654 389 3725 3.
415 3627 564 3723 Signum
597 3625 731 3715 crucis,
766 3629 888 3727 Chrys.
920 3629 1005 3703 hom
1050 3649 1109 3718 55.
1143 3628 1181 3702 in
1211 3632 1373 3725 Matth.,

155 3732 247 3807 unde
271 3722 448 3802 ordinatio
472 3725 637 3821 saepicule
660 3722 816 3821 σφράγιε,
845 3724 950 3822 signo
974 3725 1088 3800 crucis
1114 3748 1179 3821 pet
1208 3747 1374 3808 manuum

155 3822 411 3996 sgffirtsaqag
454 3819 1374 4014 fb&taillefersilai?siglldislpldde'ilmss

155 3946 293 4093 mundi.
349 4036 386 4107 4.
420 4011 538 4086 Finita
582 3941 807 4088 ordinatione
839 4013 941 4112 osculo
973 4010 1217 4110 excipiebatur
1247 3945 1375 4088 redas

142 4110 392 4288 ordTiuauera
423 4107 570 4188 Cleritis
600 4109 871 4282 praesagibat,
909 4106 1028 4188 const.
1052 4108 1125 4208 Ap.
1148 4129 1188 4189 et
1218 4105 1373 4286 Diti-rilpel'g

224 4232 290 4285 orn.
370 4260 381 4283 .
771 4228 792 4286 a
1355 4278 1372 4304 ,
