3074 4838
566 738 569 744 j
677 625 786 706 Semi.
811 623 856 705 V.
958 625 963 634 '
1048 699 1049 703 .
1298 646 1377 728 595

149 827 289 912 quoque
313 801 413 882 studii
435 801 614 903 flagrantis
639 805 771 882 Leonis
796 807 944 884 Photius
971 803 1061 884 Bibl.
1096 806 1178 884 cod.
1212 827 1272 900 543
1310 808 1381 903 nbi,
1457 835 1458 839 ¹

151 913 230 983 Leo
249 903 404 1002 fervente
428 907 499 976 zelo
527 917 636 974 eontra
659 908 849 1000 inpietatem
874 906 1004 981 dicitur
1034 903 1235 1001 depugnaffe.
1294 906 1372 981 De·

153 1008 262 1101 nique
287 999 442 1076 Gelafiua
465 999 586 1105 l'apa,
626 1019 707 1073 cunr
732 1002 887 1078 haeresin
909 1001 946 1076 in
979 1003 1155 1076 Dalmatia
1186 1003 1279 1076 vires
1311 1023 1375 1077 ac·

177 1105 293 1174 uirere
320 1093 574 1185 intellexisset,
614 1095 749 1171 litteras
774 1120 803 1172 a.
828 1121 912 1194 493.
939 1095 1032 1172 misit
1065 1100 1107 1172 ad
1140 1097 1371 1189 Honorium,

153 1124 380 1293 {Episcopum
399 1188 654 1282 Salonianum,
696 1192 890 1270 Dalmatiae
915 1194 1207 1290 Metropolitam,
1246 1194 1373 1290 quibua
1405 1222 1410 1229 ·

154 1293 280 1365 cunnos
303 1287 433 1359 Domini
448 1285 655 1379 sacerdotes,
680 1288 790 1379 dicit,
820 1290 863 1386 se
888 1312 1099 1379 commonere,
1140 1290 1269 1384 adfeela
1284 1290 1373 1386 snae

151 1406 261 1473 terna,
285 1404 320 1455 ar
343 1407 383 1455 ne
405 1385 563 1477 recipiant
581 1382 841 1478 perrerſstatem,
867 1402 933 1459 toto
956 1389 1029 1459 orbe
1045 1388 1244 1461 damnatam.
1295 1388 1376 1469 Re·.

155 1481 276 1559 censet
300 1480 385 1552 dein
408 1482 675 1569 Innocentium,
708 1482 917 1570 Zosimum,
935 1480 1173 1570 Bonisacium,
1206 1481 1369 1556 Caelesti·

156 1603 260 1667 num,
284 1575 443 1660 Siarum,
467 1574 647 1664 Leonem,
688 1576 748 1673 qui
772 1576 929 1653 haeresen
961 1594 1227 1673 oppugnarunt,
1267 1600 1373 1674 quam

156 1676 264 1751 etiam
290 1670 437 1744 concilia
463 1686 500 1741 ct
525 1671 769 1766 Inperatorum
800 1676 943 1751 decreta
972 1673 1256 1769 prostraverunt,
1297 1672 1372 1746 Au·

155 1766 284 1868 gustini
312 1789 451 1863 quoque
474 1766 582 1840 libros
597 1769 833 1845 commendat.
881 1771 1064 1844 Honorius
1080 1793 1187 1858 vero,
1211 1767 1283 1842 sese
1309 1790 1371 1840 ne·

181 1864 345 1962 ligentiae
371 1860 576 1950 insimulari,
610 1886 715 1958 aegre
740 1864 878 1953 ferens,
902 1862 1000 1936 fissas
1021 1865 1091 1939 esse
1116 1865 1308 1940 delationes
1326 1864 1374 1939 de

154 1894 345 2056 selagianis
368 1955 551 2051 rescripsit.
598 1959 667 2031 Sed
690 1958 728 2031 in
753 1958 861 2053 ipsam
886 1959 1021 2032 ltaliam
1048 1959 1215 2053 deinceps
1229 1961 1375 2058 propius

159 2054 361 2156 penetravit
384 2050 552 2136 haerese,
592 2075 694 2147 quam
719 2055 852 2129 Seneca
876 2054 1016 2153 quidam
1041 2054 1147 2128 senex
1171 2057 1208 2127 in
1239 2057 1373 2129 Piceno

156 2150 369 2238 renovavit,
407 2147 474 2220 tria
502 2167 632 2240 urgens
655 2151 787 2247 capita,
826 2175 857 2225 1.
881 2173 1010 2247 pueros
1035 2171 1109 2222 non
1136 2153 1249 2224 teneri
1276 2150 1376 2224 Adae

101 2325 102 2328 ,
157 2265 312 2349 peccato
344 2266 377 2319 a.
409 2267 491 2332 eos,
527 2243 699 2337 baptismo
723 2249 912 2343 privatos,
955 2268 1026 2318 non
1052 2245 1204 2317 damnari
1231 2265 1376 2340 propter

158 2348 260 2420 Adae
285 2361 491 2435 peccatum,
534 2361 567 2433 3.
591 2344 739 2435 gratiam
764 2345 805 2416 ad
836 2343 979 2414 salutem
1003 2364 1073 2413 non
1099 2341 1168 2415 elle
1192 2342 1377 2414 necessari·

75 2496 77 2500 Α
156 2464 238 2611 ²¹37
277 2458 421 2533 eamque
445 2459 490 2508 ex
515 2438 643 2510 merito
667 2439 753 2514 dari.
812 2437 910 2538 Quos
944 2456 1091 2510 conatus
1134 2435 1288 2510 Gelasrus
1321 2459 1378 2509 re·

151 2557 193 2614 tu
220 2554 256 2608 rt.
536 2584 550 2617 ⁴.
1234 2614 1235 2619 ἵ

181 2634 239 2731 ⁴g.
264 2625 492 2707 CLXXXllI.
524 2627 626 2701 Nihil
644 2625 769 2718 restat,
795 2653 899 2726 quam
924 2646 963 2704 ut
986 2629 1233 2723 Inperatorum
1257 2626 1375 2703 decre·

159 2749 196 2804 ta
223 2745 347 2801 contra
370 2721 660 2814 Pelagianismum·
681 2728 892 2799 recenseam.
940 2724 1191 2819 Pelagianismo
1214 2747 1233 2796 a
1257 2724 1368 2816 Syno-

155 2825 203 2901 do
226 2821 414 2904 Africana,
440 2817 523 2890 dein
550 2841 568 2890 a
595 2817 737 2890 Zosrmo
757 2839 794 2892 et
809 2818 963 2895 concilio
978 2820 1164 2907 Romanu,
1189 2816 1378 2908 damnato,

158 2918 342 2996 Honorius
357 2914 560 3008 Pelagianos
585 2912 727 3007 publico
752 2914 895 2989 decreto
928 2915 1106 3010 pellendos
1135 2910 1206 2989 elle
1239 2911 1382 3009 inperio

157 3017 325 3091 Romano
349 3006 545 3082 constituit.
598 3009 704 3106 Quod
727 3007 884 3083 edielum
910 3010 1129 3084 emendatius
1159 3009 1292 3084 editum
1326 3007 1380 3103 est

157 3137 182 3188 a
212 3102 374 3182 Salmafio
405 3102 450 3174 de
497 3104 685 3179 Urbicam‘e's
719 3102 881 3198 Eccleſsis
948 3162 957 3178 .
991 3106 1068 3193 IL,
1115 3105 1159 3177 ab
1186 3103 1381 3193 Ufferiol,

162 3206 225 3279 cit.
266 3224 343 3293 cap.
377 3197 422 3270 X.
466 3213 504 3268 et
545 3197 729 3272 noviffime
769 3221 789 3272 a
823 3129 969 3273 Natiso
1009 3200 1032 3274 l.
1064 3200 1094 3270 1.
1135 3217 1174 3271 et
1205 3199 1384 3276 Garnerio

159 3295 253 3377 Dill.
288 3294 351 3368 111.
410 3293 541 3365 Datum
572 3292 625 3369 est
648 3294 690 3366 ad
713 3294 920 3384 Palladium,
953 3290 1384 3374 Praefectumnraetorio

160 3394 284 3472 ltaliae
301 3409 338 3464 et
358 3383 515 3485 Illyrici,
543 3414 574 3465 a.
595 3397 679 3481 418.
704 3391 850 3467 Kalend.
874 3390 990 3488 Maji,
1027 3391 1186 3466 adeone
1210 3393 1292 3490 post
1318 3395 1387 3489 Sy·

160 3492 291 3570 nodum
315 3485 521 3581 Carthagin.
547 3487 834 3580 ethomanam,
858 3488 986 3562 eodem
1010 3509 1102 3563 anno
1173 3490 1244 3564 ens.
1271 3487 1387 3561 Marte*

160 3591 394 3668 celebratam:
421 3578 468 3652 sac
488 3599 525 3652 et
542 3581 717 3655 Pollidius
733 3584 772 3658 in
788 3585 864 3660 vita
879 3583 1089 3684 Augustini:
1114 3600 1168 3675 er,
1194 3585 1251 3656 loe
1267 3584 1333 3658 tale
1346 3585 1386 3669 de

73 3680 76 3686 λ
159 3689 224 3762 illis
251 3674 421 3770 Eccleſsae
450 3675 516 3748 Dei
553 3678 741 3752 Catholicae
771 3683 934 3775 prolatam
960 3682 1147 3780 judiciam
1167 3682 1267 3751 etiam
1301 3678 1387 3776 piis·

155 3783 262 3876 fimas
290 3781 461 3872 snperator
485 3775 647 3849 Honorias
673 3778 807 3849 audiens
832 3801 873 3853 ac
886 3777 1044 3876 sequens,
1066 3774 1153 3943 (nis
1175 3797 1227 3848 ear
1260 3777 1388 3874 legibue⁸

162 3880 334 3952 damnatos
366 3877 453 3944 inter
483 3869 662 3946 haereticos
695 3873 806 3946 nonen
839 3872 1014 3973 constituit.
1085 3869 1241 3951 noculis
1266 3892 1386 3950 autem

160 3968 289 4048 habuit
312 3964 477 4042 Pollidius
499 3964 673 4062 judicium
705 3968 881 4046 Ecclesiae
906 3970 944 4047 in
978 3963 1129 4069 synodis
1162 3964 1384 4057 memoratis,

163 4084 309 4169 quarum
334 4064 441 4150 modo
465 4061 601 4143 fecerat
622 4064 866 4173 mentionem.
902 4069 1024 4167 Habet
1041 4086 1178 4176 quoque
1194 4067 1314 4155 titulus
1331 4084 1387 4165 rep.

147 4194 187 4242 ι..
701 4161 731 4234 F
740 4157 807 4236 sss
824 4186 849 4242 a
1241 4154 1387 4254 terimi,
