3008 4830
133 698 224 806 Μ’
488 700 817 805 ,Ηῗβονὶανὶεείῄῖ
845 700 961 807 Clmfl.

138 898 178 961 n'e
206 884 353 983 gladium
387 886 423 959 in
447 882 640 983 Hispaniam
671 888 717 959 ad
746 886 986 984 interficiendos
1007 878 1185 984 deslinarel
1217 886 1386 961 leuem·

66 978 80 993 ⁸
140 1006 214 1072 cos,
237 986 349 1077 quibus
364 978 520 1079 sufficere
535 981 683 1081 statuit,
707 986 789 1078 quod
812 1009 833 1057 a
862 984 1094 1058 Catholicurum
1116 981 1284 1078 Ecclefiir
1316 980 1367 1081 es·

129 1080 210 1179 sent
239 1083 291 1151 uel
321 1080 535 1153 conmunione
569 1082 703 1168 remoti,
740 1100 779 1153 et
816 1078 1018 1154 Ambrosius
1048 1102 1190 1177 quoque
1215 1078 1365 1154 Medio·

139 1172 304 1261 lanenfis,
329 1173 390 1270 qui
414 1197 479 1272 pro
507 1195 605 1249 terea
631 1196 712 1249 cunr
738 1172 922 1271 Episcopis
941 1173 1096 1250 Maximi
1122 1172 1367 1249 communice-

137 1292 177 1345 re
202 1269 335 1360 noluit,
361 1288 401 1344 ut
427 1200 504 1368 ,9ss
522 1270 683 1360 testatur,
708 1270 812 1367 epist.
841 1292 898 1363 24·
925 1290 963 1344 et
989 1276 1046 1346 26.
1072 1269 1115 1344 ad
1134 1268 1360 1345 Valentinia-

137 1388 222 1442 num
257 1384 294 1440 et
326 1367 529 1458 Irenaeum,
563 1366 621 1441 alii
657 1389 747 1440 vero
780 1366 863 1440 illud
889 1364 1123 1440 defenderint.
1177 1364 1268 1442 Vid.
1293 1364 1364 1439 Sul·

167 1460 256 1535 icius
289 1462 462 1551 Severus,
495 1481 597 1536 autor
627 1461 799 1558 aequalis,
839 1461 877 1535 in
907 1460 988 1537 hist.
1020 1460 1177 1553 Ecclel,
1208 1472 1256 1534 'et
1287 1460 1361 1535 vita

187 1556 316 1649 artim,
358 1580 400 1634 ac
433 1556 563 1655 dialog.
588 1558 674 1648 Ill.,
706 1557 799 1630 unde
822 1556 1040 1654 superiorem
1066 1556 1161 1654 petii
1191 1554 1360 1633 narramu-

139 1674 235 1731 nem.

187 1750 219 1849 l.
246 1749 345 1823 CCC.
379 1746 546 1837 Errores,
570 1744 834 1823 Priscillianiliis
849 1745 1022 1845 inputari,
1047 1745 1153 1823 unice
1168 1768 1217 1822 ex
1231 1770 1355 1823 eorum

140 1843 346 1921 aduersariis
362 1841 441 1917 sunt
467 1841 675 1932 hauriendi,
699 1865 781 1919 cum
807 1845 897 1917 nulla
921 1867 1044 1917 eorum
1062 1841 1190 1938 scripta
1214 1862 1360 1919 aetatem

138 1942 306 2015 tulerunt.
355 1937 573 2014 Consulenda
597 1937 716 2036 itaque
735 1941 814 2015 sunt
835 1938 911 2014 adia
934 1938 1079 2013 concilii
1097 1940 1356 2036 Caesar-augus·

137 2033 232 2125 tani,
274 2058 343 2109 nec
367 2057 439 2109 non
467 2035 633 2108 Toletani
656 2058 688 2109 a.
713 2058 798 2125 400.
824 2030 954 2123 habiti,
992 2030 1173 2131 praeterea
1193 2032 1359 2145 Augusti·

136 2153 203 2206 nus
226 2130 271 2203 de
295 2129 515 2219 haeresibus,
556 2148 593 2202 et
623 2129 660 2203 in
691 2128 781 2204 libro
804 2130 847 2204 ad
871 2128 1032 2205 Orosrum
1064 2147 1184 2203 contra
1217 2130 1357 2204 Priscil-

136 2227 240 2316 lian,
283 2248 350 2301 nec
377 2245 447 2298 non
472 2225 571 2297 serm.
601 2245 681 2313 1²9·
706 2221 751 2297 de
775 2239 933 2320 tempore,
973 2227 1215 2322 Hieronymus
1236 2246 1360 2303 contra

136 2322 365 2436 Pelagianos,
403 2322 480 2393 Leo
506 2320 563 2395 M.
596 2317 688 2415 Papa
715 2342 771 2413 ep.
796 2343 854 2414 93.
880 2321 922 2393 ad
952 2321 1161 2409 Turibium,
1202 2338 1240 2394 et
1266 2322 1361 2398 Vin·

134 2441 276 2497 centius
303 2415 476 2491 Lirinens.
502 2414 536 2488 in
555 2419 796 2492 commonitorio.
849 2415 983 2514 Quibus
1007 2418 1031 2491 fi
1055 2417 1143 2490 fides
1159 2415 1202 2491 su
1222 2416 1359 2494 liaben-

136 2520 200 2605 da,
233 2512 381 2587 haeresis
405 2531 479 2585 erat
506 2509 773 2602 Gnosticorum,
807 2511 1123 2601 Manichaeorum,
1160 2531 1197 2584 er
1213 2512 1362 2589 aliorum

138 2609 290 2687 recodia.
344 2607 506 2678 Tradunt
529 2608 643 2695 enim,
670 2605 747 2679 illos
772 2605 809 2681 in
834 2606 992 2682 dodlrina
1016 2609 1059 2681 de
1086 2607 1270 2683 Trinitate
1285 2609 1357 2684 elle

137 2702 370 2789 sabellianos,
395 2700 526 2773 animas
541 2726 629 2774 vero
647 2702 771 2776 dixille
788 2700 932 2777 divinae
959 2723 1101 2777 naturae
1123 2704 1350 2779 consubstan-

139 2800 261 2888 tiales,
288 2818 437 2891 corpora
462 2794 531 2868 elle
555 2821 574 2871 a
597 2797 687 2871 malo
716 2798 861 2894 spiritu,
887 2823 1000 2896 eoque
1025 2821 1096 2872 non
1121 2821 1141 2871 a
1164 2801 1271 2893 Deo,
1296 2801 1358 2877 sed

138 2922 186 2972 ex
211 2895 298 2968 chao
321 2892 444 3002 sponte
471 2911 616 2968 exorto:
661 2893 730 2967 elle
760 2897 877 2992 itaque
909 2916 1058 2967 acerne
1091 2893 1358 2990 abstinendum,

137 3014 176 3070 et
203 2990 391 3085 conjugio,
424 2984 547 3063 severe
574 2990 817 3086 jejunandum,
849 2989 956 3064 etiarn
989 2989 1112 3064 diebus
1145 2991 1354 3071 dominicis.

137 3088 304 3176 Addunt,
328 3108 388 3158 eos
413 3109 467 3158 ma
494 3086 548 3161 iae
572 3086 672 3163 luille
697 3087 855 3179 deditos,
889 3085 1040 3181 perjuria
1061 3083 1213 3159 statuiffe
1238 3087 1358 3184 licita,

135 3186 213 3261 imo
253 3182 365 3257 nudos
403 3110 504 3257 suilie
545 3208 645 3257 orare
677 3183 797 3258 solitos
834 3206 915 3256 cum
949 3181 1112 3255 foeminis
1144 3179 1357 3279 inpudicis,

135 3299 176 3354 et
205 3276 363 3372 obscoenis
378 3278 536 3373 studuiffe
559 3282 719 3351 doctrinis.
769 3279 834 3351 Ad.
852 3301 952 3373 quam
978 3277 1152 3351 Veterum
1176 3284 1356 3358 narratio·

136 3397 221 3452 nem
250 3371 501 3445 observandum
526 3373 599 3460 est,
628 3396 658 3446 1.
685 3394 772 3468 quae
795 3373 839 3444 de
865 3373 999 3470 magia,
1024 3373 1206 3448 obscoenis
1221 3376 1357 3455 dodiri·

134 3473 207 3561 nis,
226 3464 399 3562 inpudicis
416 3466 631 3553 allionibus,
651 3486 689 3539 et
705 3464 928 3560 criminibus,
948 3467 1165 3557 referuntur,
1186 3494 1260 3547 non
1282 3494 1360 3553 tan.

131 3592 208 3645 tum
228 3560 485 3676 suspeiiaeelle
503 3563 609 3653 fidei,
634 3561 691 3636 sed
716 3583 828 3663 prope
855 3564 991 3653 abesse,
1013 3565 1098 3661 quin
1125 3565 1194 3640 falsu
1248 3591 1355 3648 ueant

131 3664 311 3741 convinci.
358 3659 597 3754 Praeterquam
634 3658 748 3749 enim,
792 3662 885 3757 quod
919 3661 1079 3758 legitime
1116 3686 1189 3736 non
1222 3594 1358 3743 inerint

134 3782 262 3838 eorum
289 3754 475 3832 criminum
504 3753 683 3845 convicti,
708 3759 923 3831 accusatores
945 3758 1076 3853 pellimi
1103 3757 1289 3853 homines,
1314 3782 1354 3837 et

134 3852 305 3935 confeffio
327 3877 392 3949 per
418 3871 593 3928 tormenta
617 3850 659 3926 sat
683 3852 863 3950 exprella,
887 3854 976 3927 nihil
1001 3853 1128 3928 horum
1153 3856 1356 3935 aconcilris

132 3950 248 4036 citatis
282 3973 353 4025 non
380 3969 514 4027 tantum
538 3971 610 4023 non
635 3968 867 4037 memoratur,
894 3950 951 4021 sed
977 3972 997 4022 a
1022 3952 1096 4024 vim
1124 3969 1163 4024 et
1188 3955 1348 4032 moribus

131 4052 249 4154 paffim
280 4044 407 4122 laudati
442 4046 596 4121 fuerunt.
653 4046 739 4120 Vid.
772 4042 878 4117 etiam
914 4047 1106 4120 Beaulobre
1140 4047 1179 4122 in
1213 4050 1343 4125 dillert.

117 4152 183 4253 ,de
203 4145 389 4243 Adonidis,
418 4140 462 4226 ad
476 4145 620 4227 calcem
644 4139 726 4223 hist.
750 4139 897 4222 concilii
919 4140 1118 4239 Bassleenfis
1149 4142 1351 4236 uenandi,

121 4274 129 4314 τ
679 4276 682 4281 ·
760 4288 763 4295 =
1316 4260 1363 4322 et
