3074 4838
167 642 242 737 426
555 632 853 748 ffistorielccicfi
880 633 998 739 Christ.

96 846 101 851 ·
174 820 245 895 fuit
281 839 360 896 curn
393 814 549 912 reliquiis
581 817 746 893 exercita.
806 817 1049 914 Hieronymus
1076 814 1121 890 de
1157 833 1247 911 opere
1279 815 1405 917 Meno·

175 920 323 1005 cherum,
338 914 542 1003 comitant,
565 912 697 1010 inquit,
724 917 867 989 membro
883 931 1084 1010 martyrum,
1100 911 1135 1007 st
1151 931 1258 988 tomen
1275 920 1417 1017 morey?

173 1037 256 1088 rom.
309 1011 392 1112 Quo
424 1012 481 1083 lex
506 1010 663 1084 Honorii
689 1028 727 1082 et
757 1012 951 1085 Theodosii
978 1016 1015 1084 in
1042 1016 1121 1084 cod.
1146 1011 1297 1106 Justian.
1319 1016 1399 1092 1.1.

174 1112 231 1186 eit.
257 1130 290 1183 a.
315 1103 468 1201 tpeetat,
494 1131 582 1181 nemo
608 1123 767 1199 martyres
795 1111 977 1198 distrahat,
1003 1129 1090 1178 nemo
1114 1125 1282 1182 mercetur.

222 1203 254 1301 ᾖ.
278 1203 396 1279 XLV.
430 1203 625 1292 De'croce,
652 1202 794 1298 ejusque
819 1202 916 1298 figno
935 1200 1136 1276 transeunte
1153 1202 1400 1297 manufacto,

201 1323 264 1375 uae
289 1301 469 1395 superiore
492 1301 608 1374 secuio
642 1299 768 1391 adtuli,
809 1321 889 1373 eum
921 1300 992 1373 huc
1017 1299 1120 1373 etiam
1152 1297 1396 1377 transferenda

172 1322 261 1485 Eut,
288 1394 462 1490 nihilque,
487 1397 580 1493 quod
597 1396 741 1486 addam,
767 1395 930 1485 habeam,
955 1392 1019 1467 nist
1037 1395 1130 1492 quod
1147 1419 1256 1470 eruces
1276 1404 1398 1491 org'ert·

177 1511 249 1573 teoc
271 1492 344 1589 jam
363 1494 402 1564 in
425 1490 485 1565 usu
510 1491 580 1565 effe
602 1491 813 1589 coeperint,
839 1489 927 1564 teste
951 1490 1139 1564 Sozomen.
1167 1493 1216 1564 H.
1245 1491 1293 1565 11:
1332 1515 1392 1588 13.

172 1609 211 1664 et
226 1591 348 1663 'crucis
379 1588 648 1665 venerationem
682 1589 827 1661 nomine
858 1587 1055 1661 odorationis
1087 1586 1294 1684 exprefferit
1326 1589 1392 1664 As·

172 1685 287 1764 terius'
303 1686 401 1761 Orat.
426 1682 470 1755 de
496 1685 530 1757 S.
555 1683 760 1778 Eupiremie,
783 1681 962 1757 historiam
987 1685 1168 1777 imaginum
1191 1685 1392 1853 persepuar.

158 1783 367 1863 'statuarum
391 1777 533 1876 quidem
556 1780 667 1869 nulia,
689 1779 748 1853 sed
774 1777 966 1876 imaginum
990 1779 1182 1875 pieiarum,
1210 1777 1261 1852 uti
1304 1802 1388 1856 eeu·

170 1877 206 1950 lo
230 1876 424 1969 superiore,
451 1872 583 1953 indicia
607 1874 677 1951 sese
705 1875 879 1964 offerunt,
913 1875 1020 1949 etiam
1044 1874 1082 1949 in
1106 1875 1181 1971 ipso
1206 1875 1388 1973 Templo,

169 1969 203 2051 ss:
220 1970 365 2069 Synodo
387 1970 572 2048 Nicaeuae
590 1973 638 2046 ΙΙ.
663 1971 751 2046 fides
771 1973 812 2047 srt
834 1970 1013 2062 habenda,
1040 1994 1127 2068 quae
1151 1968 1216 2045 aet.
1243 1966 1312 2046 IV:
1338 1973 1396 2049 ex

168 2066 259 2142 Nilo
286 2067 425 2147 Abbate
449 2067 532 2141 citat
558 2067 817 2154 testimonium,
852 2090 922 2161 quo
946 2068 994 2155 in,
1011 2064 1111 2163 epist
1135 2066 1178 2140 ad
1203 2067 1394 2163 Olympia·

168 2166 295 2247 dorum
319 2162 535 2237 Praefectum
562 2161 692 2250 refert,
725 2162 761 2236 se
786 2160 990 2236 consuluiiie
1020 2164 1075 2251 ei,
1106 2182 1145 2235 ut
1171 2164 1282 2237 crucis
1310 2164 1389 2240 effi·

167 2257 248 2357 gie,
272 2280 313 2332 ac
337 2260 424 2333 Ver.
452 2277 489 2330 et
515 2257 615 2333 Nov.
644 2256 743 2333 Test.
767 2254 948 2345 historiis,
975 2278 1077 2330 ornet
1108 2257 1320 2353 Templum,
1346 2279 1389 2334 ut

167 2356 230 2452 qni
253 2356 382 2431 litteras
409 2353 573 2448 nesciunt,
600 2378 696 2450 neque
720 2356 845 2428 Sacros
874 2357 1003 2443 litteras
1022 2349 1148 2447 poffonr
1165 2357 1290 2448 legere,
1309 2358 1389 2451 pic·

174 2468 266 2533 torae
305 2455 571 2542 contemplatione
606 2455 642 2525 itt
673 2453 855 2528 memorium
886 2466 1033 2539 revocent
1064 2453 1189 2523 illorum
1209 2456 1391 2549 praeclaro

155 2546 277 2644 ficem,
304 2548 356 2637 qui
379 2545 449 2617 Deo
466 2545 663 2641 servierunt.
709 2547 815 2630 Edita
839 2542 890 2634 est
912 2545 1001 2618 haec
1025 2543 1284 2641 ipistoiajnter
1308 2548 1384 2622 Ni·

164 2637 377 2735 liepistolas
402 2640 422 2712 l.
448 2642 516 2716 lV.
542 2638 598 2734 ep.
624 2649 682 2716 61.
718 2639 840 2735 ,Cujus
864 2637 917 2712 rei
941 2640 1031 2735 apud
1058 2642 1142 2715 alios
1167 2640 1253 2715 nihil
1289 2642 1385 2720 mihi
1441 2731 1445 2738 q

161 2733 329 2813 occurrit.
380 2736 461 2806 Imo
479 2732 691 2828 Augustinus
716 2736 807 2810 haud
826 2758 896 2810 uno
914 2733 952 2809 in
968 2738 1047 2810 ioco
1064 2734 1233 2834 imagines
1248 2737 1382 2816 Christi

162 2850 200 2909 et
230 2830 481 2930 Apostolorum
511 2830 618 2925 pietas
640 2832 816 2929 inprobat.
870 2829 931 2905 sic
954 2832 999 2904 de
1033 2831 1183 2930 consenso
1213 2835 1385 2931 Euanget.

162 2931 190 3013 1.
212 2931 240 3005 1.
266 2953 298 3004 c.
330 2951 384 3007 no.
410 2951 478 3006 eos,
497 2949 611 3002 errare
632 2928 721 3001 ¹dicit
737 2923 917 3017 meruisse,
943 2927 1002 3024 qui
1019 2927 1193 3003 Christum
1211 2950 1248 3004 et
1263 2931 1385 3028 Apos-

162 3026 279 3116 tolos,
303 3048 376 3102 non
400 3019 437 3121 in
452 3023 582 3122 sociiis
609 3027 788 3113 codicibus,
814 3018 871 3097 sed
896 3023 932 3094 in
957 3027 1057 3118 pictis
1078 3028 1260 3121 perietibus
1280 3051 1386 3123 quoe·

153 3119 313 3217 sererent.
362 3119 445 3199 Vid.
471 3120 578 3201 etiam
602 3122 646 3196 de
668 3122 831 3198 Trieirete
846 3119 868 3193 l.
896 3119 999 3193 Vnt:
1024 3144 1059 3212 4.
1085 3142 1119 3210 5.
1143 3141 1181 3195 et
1205 3124 1319 3198 Serm.
1336 3124 1385 3202 ad

157 3219 212 3294 Pe
238 3219 372 3297 CXIII.
396 3242 491 3313 quo,
516 3237 641 3292 contra
657 3219 817 3293 Gentiles
833 3213 1027 3310 disputans,
1060 3217 1178 3292 omnia
1196 3220 1383 3316 cujuscun-

160 3337 229 3412 que
247 3314 359 3388 cultus
385 3313 580 3409 imaginum
605 3312 750 3387 destruit
770 3309 1007 3390 fundamenta.
1057 3313 1163 3422 Cujus
1193 3312 1383 3392 ratiocIni·

71 3411 74 3418 '
158 3424 220 3491 um
246 3411 358 3481 Serm.
386 3429 469 3502 270.
496 3409 540 3482 de
570 3407 743 3504 Tempore,
778 3430 867 3505 quo,
907 3431 1010 3504 quare
1029 3406 1183 3484 Christus
1200 3413 1244 3486 ab
1267 3411 1384 3489 oculis

156 3501 409 3602 Apostolorum
434 3503 562 3579 auferri
587 3506 766 3596 debuerit,
790 3502 967 3595 rationein
992 3506 1071 3595 dat,
1107 3525 1145 3579 ut
1169 3506 1379 3603 spiritualer

156 3602 305 3692 fierent,
347 3618 473 3674 contra
499 3603 688 3698 imagines,
729 3624 916 3696 earumque
937 3604 1219 3772 erpuctlemcunque
1254 3605 1380 3701 usum,

155 3697 254 3773 reite
285 3693 674 3811 adnipetur5·1nterea
704 3698 873 3812 ejusmodi
898 3697 934 3793 pi
974 3723 1049 3804 orat
1079 3700 1154 3796 jain
1187 3699 1266 3810 satis
1298 3700 1378 3776 fre·

153 3776 1376 3989 terrete·eiecere:ricimere·,eiecie-

151 3916 204 4068 ie
217 3984 433 4102 senectute,
469 3989 540 4065 vel:
553 3920 842 4080 tributariorum?
859 3972 1091 4102 perfectorum·
1098 3989 1265 4090 scandolo
1287 3948 1373 4064 decis

137 4089 287 4263 ‘im’
300 4088 438 4163 liberter
458 4089 769 4215 inplobmausum
788 4084 1006 4195 mflsseiffh
1041 4089 1129 4181 Vpd,
1147 4109 1200 4184 ‘ep
1218 4093 1394 4286 [ἐξὲξ
