3008 4830
129 677 203 769 με
523 656 824 763 autrannus.
848 654 967 763 mna.
1061 600 1065 605 ’

135 868 234 936 tem,
256 861 295 919 et
318 838 397 939 post
418 842 545 919 multae
566 838 878 935 contestationee,'
950 834 1016 915 tim
1031 834 1106 913 hoc
1122 834 1258 931 seculo,
1275 854 1341 935 pat·
1404 826 1406 897 ἶ

139 945 206 1019 tim
225 938 459 1037 sequentibua.
511 938 789 1013 Mediolanensra
811 956 850 1011 et
909 934 1108 1036 quilejenlia
1135 934 1175 1013 se
1203 932 1345 1009 inrieen

138 1042 253 1117 adhuc
275 1035 343 1110 sec.
371 1034 437 1109 Vl.
464 1036 691 1124 ordinarunt,
737 1037 906 1131 Paparum
930 1034 1021 1109 nulla
1050 1029 1174 1107 hahita
1203 1028 1349 1117 ratione.

140 1138 193 1213 uti
228 1129 301 1227 ipse
325 1130 486 1224 Pelagius
508 1130 640 1207 fatetur
663 1128 767 1226 epist.
797 1150 897 1223 ryme
921 1129 959 1203 in
976 1127 1083 1202 tomis
1098 1128 1352 1223 Conciliorum3

140 1256 209 1309 nec
230 1225 295 1301 trist
322 1224 412 1334 poli·
427 1225 502 1322 ejua
527 1245 599 1300 tem
628 1248 686 1335 ora
712 1229 825 1336 Papae
850 1226 913 1301 libi
939 1225 1024 1335 itinn
1051 1222 1291 1392 adipparunt,
1319 1238 1354 1333 ut

142 1330 294 1421 Gregor.
321 1324 375 1397 Μ.
402 1344 443 1397 tn
467 1322 580 1421 aliqua
601 1252 717 1419 ilprst.
744 1322 891 1397 rndrcat.
937 1320 1027 1396 Vrd.
1049 1320 1086 1394 Ρ.
1161 1342 1244 1393 arca
1271 1320 1356 1393 Con·-

142 1432 240 1499 cord.
267 1416 447 1491 Sacerdot.
473 1437 512 1491 et
536 1421 654 1529 Inper.
679 1418 702 1490 l.
729 1417 797 1493 Vl.
823 1440 855 1492 c.
878 1440 914 1511 4.
962 1413 1165 1489 Gallicanae
1190 1412 1359 1491 Eccleliae

140 1520 222 1595 snos
245 1533 384 1627 quoque
405 1512 497 1609 ipsae
522 1518 726 1587 ordrnarunt
742 1510 1013 1611 Metropolitas,
1040 1529 1082 1584 ut
1108 1532 1189 1587 can.
1216 1511 1361 1587 Vllum

143 1607 384 1691 Aurelianenl.
408 1609 455 1683 11.
480 1631 512 1682 a.
537 1630 621 1704 533.
639 1605 873 1700 demonstrat,
897 1630 965 1683 nec
987 1605 1053 1682 nisr
1075 1605 1156 1682 sero
1176 1604 1361 1683 admodum

144 1705 395 1808 adpellationea
414 1702 458 1777 ad
479 1703 589 1801 Papae
605 1702 836 1797 admiserunt,
861 1720 901 1785 ut
914 1701 1079 1801 probavit
1095 1702 1256 1779 Baluziua
1269 1724 1363 1801 prae·

145 1804 210 1883 fat.
243 1804 286 1878 ad
312 1800 440 1873 librum
474 1798 614 1875 hoton.
665 1798 854 1970 Amputlini
877 1800 929 1875 de·
945 1800 1168 1875 emendatione
1200 1798 1365 1875 Gratiani

146 1900 336 1977 Africanae
358 1892 535 1970 Ecclesiae
556 1895 595 1970 in
620 1895 693 1971 hoc
727 1917 773 1971 uo
792 1897 871 1994 jure
895 1894 1143 1989 defendendo,
1167 1914 1226 1971 ·et
1255 1892 1362 1974 amhiss

146 1996 248 2071 tione
263 1995 435 2089 Paparum
459 1992 679 2089 repellenda,
706 1991 847 2068 strenue
869 1992 1056 2068 admodum
1082 1996 1247 2091 egerunt.
1294 1988 1365 2067 Ad

145 2088 352 2191 pellationea
386 2087 430 2162 ad
466 2087 680 2185 Episcopum
715 2090 915 2165 Romanum
947 2088 1021 2165 line
1052 2088 1123 2163 nlla
1152 2087 1366 2187 exceptione

146 2184 357 2288 prohibuit,
383 2183 442 2258 sub
532 2180 571 2257 vi
603 2184 769 2272 censura,
803 2182 992 2260 concilium
1023 2184 1294 2261 Milevitannm.
1317 2184 1363 2259 ll.¹

146 2307 226 2360 can.
254 2281 357 2357 nudo:
398 2206 637 2375 quodiana
660 2278 822 2355 Africani
845 2280 881 2353 in
907 2278 1009 2376 epist.
1040 2281 1175 2379 synod.
1207 2280 1251 2358 ad
1282 2280 1365 2355 Cae·

147 2378 307 2459 lestinum
330 2378 457 2473 Papam
473 2374 605 2450 acriter
619 2394 772 2450 tuentur.
825 2375 913 2451 Vid.
938 2376 1018 2451 cod.
1044 2377 1206 2455 African.
1229 2400 1261 2454 c.
1287 2396 1365 2472 135.

150 2495 223 2553 etc.
281 2471 412 2549 Prinas
445 2495 582 2571 quoque
613 2472 738 2546 Cartha
765 2472 811 2546 in.
844 2474 982 2569 semper
1014 2496 1079 2568 pro
1107 2473 1365 2573 independente

145 2575 192 2649 ab
218 2567 350 2645 exteris
372 2568 535 2675 hicclefiis
555 2570 694 2675 habitus
718 2494 789 2675 ed,
816 2565 904 2639 teste
929 2571 1067 2642 novella
1099 2593 1180 2665 131.
1206 2568 1364 2669 Justinia·

144 2664 197 2841 pi.
245 2661 349 2830 Qupd
382 2661 478 2735 rdem
510 2662 787 2831 dphlgrptanmcrs
813 2663 978 2741 Ecclesris
1002 2687 1048 2740 ex
1080 2663 1146 2759 iis,
1188 2689 1278 2770 quae
1300 2666 1362 2741 soc.

144 2786 220 2836 ·e.
271 2780 421 2833 roeram
467 2779 534 2830 con
610 2781 650 2833 r.

187 2785 228 2956 1.
245 2784 370 2931 lim
406 2811 441 2947 31
463 2850 664 2963 Orientales
689 2853 841 2953 denique
868 2857 1044 2936 Ecclefiae
1075 2859 1364 2937 universalitatem

147 2954 380 3052 Episcopatus
402 2950 557 3024 Romam
583 2974 760 3049 nunquam
783 2954 1018 3047 admiserunt,
1044 2976 1081 3030 et
1101 2957 1180 3052 jura
1206 2960 1263 3032 sua
1287 2977 1364 3029 con·

149 3070 206 3125 tra
229 3052 335 3142 Papus
355 3042 495 3120 strenue
516 3042 597 3124 sunt
620 3049 712 3126 tuiti.
760 3080 795 3125 a.
819 3050 911 3146 Egra
936 3052 986 3124 'us
1010 3054 1108 3148 plane
1135 3055 1231 3128 hanc
1245 3051 1282 3128 in
1298 3072 1365 3125 ren

146 3143 202 3218 est
219 3165 331 3217 canon
366 3151 471 3224 28uus
489 3143 703 3222 Chalcedon.
728 3146 872 3220 concilii
937 3148 1153 3240 ecumenici,
1180 3172 1265 3224 cum
1280 3142 1367 3260 quod

146 3238 273 3312 throni
300 3239 455 3313 Romani
482 3239 689 3337 dignitatem
716 3265 788 3314 non
812 3244 854 3313 ab
879 3243 989 3339 aliqua
1014 3245 1209 3320 autoritate
1232 3246 1365 3331 diurna,

130 3333 210 3423 ‚sed
236 3334 305 3407 sola
334 3335 429 3408 urbis
451 3336 660 3410 excellentia
692 3354 848 3430 repetat,
892 3357 964 3412 turn
1000 3340 1116 3413 l'edem
1150 3342 1366 3416 CPolitanam

149 3429 187 3506 ei
212 3428 277 3501 hac
303 3447 402 3522 parte
428 3433 567 3523 prorsus
593 3450 738 3526 aequet,
782 3448 857 3501 tum
882 3433 1035 3533 denique
1066 3436 1207 3534 utrique
1240 3437 1311 3512 sedi
1331 3429 1369 3510 ri

151 3527 300 3626 nguesseia
322 3535 371 3606 rire
395 3534 499 3618 rapit,
523 3544 561 3600 et
583 3550 655 3600 non
675 3525 725 3609 iir
746 3530 863 3615 limiae
883 3532 1009 3606 honoris
1039 3549 1076 3604 et
1106 3554 1178 3606 non
1205 3532 1369 3633 potestatis

151 3621 857 3793 liiiiilln‘ihlll.{tiit
880 3626 1164 3797 ¹'e³‘f³²‘⁶¹¹i:'st·'l18
1198 3626 1370 3809 ‘ds'i'i‘i

458 3770 466 3787 .
720 3744 730 3769 ’
813 3745 897 3791 Cei
946 3745 1007 3797 lus.
1106 3749 1246 3801 lcoos
1322 3746 1344 3797 0

151 3832 191 3889 et
217 3815 366 3887 Roman.
393 3832 555 3917 tanquam
589 3813 751 3908 geminos
786 3747 1035 3911 Apostolgornm
1068 3750 1252 3918 pprincilpea
1279 3821 1371 3913 effe,

153 3908 241 3987 dicit
273 3910 402 3983 Avitus
435 3903 535 4003 epist.
562 3928 596 3999 7.
629 3909 672 3983 ad
706 3914 964 4007 Symmachum.
1018 3920 1054 4002 β.
1085 3917 1186 3991 Idem
1219 3918 1370 4015 ejusdem

154 4003 298 4084 concilii
314 4028 466 4079 canones
489 4024 523 4093 9.
548 4022 586 4073 et
611 4028 668 4098 17.
697 4008 918 4082 confirmant.
950 4011 1169 4087 Conceditur
1188 4018 1285 4092 enim
1304 4014 1375 4093 sedi

152 4100 254 4181 ctol.
276 4099 389 4198 major
414 4100 453 4176 in
481 4097 631 4177 Oriente
654 4102 922 4207 praerogativa,
966 4131 1070 4208 quam
1092 4112 1136 4188 ab
1161 4111 1375 4190 ullo-conci·

1324 4205 1379 4287 lio
