3008 4830
100 39 142 467 Ι
189 430 193 435 “
917 450 922 465 .
982 434 986 439 ·
1277 470 1281 479 Ι

105 482 125 513 '0¹²
721 512 724 517 ¹
838 492 845 509 n
1423 512 1440 519 υ

122 522 142 539 .,
1283 534 1295 551 ι.

120 576 123 581 .
313 574 317 583 ι
440 566 467 581 d*
740 572 744 577 -

100 606 117 625 ,-

100 636 115 671 l·
177 670 182 677 ,
225 640 238 649 “

434 666 441 673 ’
536 674 870 797 notus.
940 690 965 759 -’
1130 670 1171 751 ³
1335 708 1431 823 '’s'

159 890 208 969 lui
228 890 263 969 iu
286 889 435 997 synodo
460 888 575 995 Tyria
603 891 669 997 ipsi
733 896 802 973 lam
821 892 981 996 obiecit,
1009 890 1177 975 innixum
1198 878 1277 993 sit,¹
1292 894 1377 997 'ple-
1429 964 1449 995 ·.

162 1012 227 1064 nan
252 1012 321 1067 uon
344 1008 502 1067 rueretur
519 990 640 1101 fidem.
680 918 930 1095 iiaeterquam
957 988 1051 1069 euim
1068 996 1165 1093 quod
1183 992 1377 1073 acerrimus
1461 1030 1464 1035 ·

163 1084 860 1283 llll5t²llt2ltf¹¹¹no⁵lsnl⁰l
884 1086 1377 1284 ἲέῗεξὲῖὲῗὲἷῖὲἓῗέῗέΐ

167 1276 242 1353 serit
283 1280 366 1385 Quo
393 1238 548 1368 rosione:
583 1284 675 1355 ltacc
696 1279 794 1355 enim
818 1280 896 1355 e'us
927 1281 1038 1355 verba
1062 1280 1162 1376 suut,
1204 1304 1374 1357 rtorcm

169 1370 295 1473 molisii?
317 1373 379 1469 ulfi
401 1376 485 1473 quod
507 1374 765 1472 persecutoribus
790 1304 1147 1476 nosirr'rspuspoudrstr',
1178 1396 1210 1453 re
1224 1400 1290 1450 rem
1314 1400 1370 1450 ne·
1398 1476 1408 1483 ..

143 1467 267 1564 ,josum
298 1473 530 1566 udmiffioum,
570 1489 602 1543 es
626 1470 722 1569 forts
753 1477 852 1548 olium
883 1470 1053 1567 odmsz'llt'.
1111 1472 1218 1577 Quod
1272 1474 1370 1548 uanti

168 1564 201 1639 st
219 1566 432 1655 laciendum,
459 1565 496 1640 iu
515 1568 637 1643 oculos
661 1566 767 1643 facile
782 1568 944 1645 incurrit.
995 1568 1171 1667 Accedit,
1196 1496 1369 1666 nuiquam

167 1662 220 1735 tale
239 1661 313 1760 quid
340 1664 385 1736 de
411 1662 561 1737 Eusebio
586 1662 723 1739 exstare
746 1664 916 1757 relatum,
947 1684 1037 1754 nec,
1078 1662 1104 1739 li
1130 1686 1257 1740 verum
1285 1663 1369 1739 fuis·

166 1758 223 1847 set,
250 1761 290 1833 ad
315 1756 485 1832 summum
507 1757 600 1832 Cleri
624 1762 769 1859 gmdum
794 1758 908 1858 ipsum
930 1778 1133 1861 promotum
1159 1758 1271 1835 fuisse.

203 1854 229 1954 l.
249 1854 314 1930 tv.
348 1856 511 1929 Altemm
535 1852 680 1953 quidem
703 1852 837 1953 mojore
860 1856 974 1955 pollet
1000 1853 1138 1953 specie,
1182 1875 1221 1931 et
1246 1850 1382 1931 dodlos.

164 1945 317 2047 inpartes
349 1948 489 2037 divisit,
530 1970 671 2025 veteres
698 1972 810 2049 aeque
843 1974 887 2029 ac
912 1952 1140 2027 recentiores.
1190 1952 1368 2026 Veterum

160 2043 267 2142 judeis
284 2064 364 2141 pro,
389 2064 431 2119 ut
455 2042 608 2133 dicitur,
641 2066 681 2129 et
702 2064 838 2137 contro,
873 2046 1031 2144 prostant
1063 2047 1153 2143 apud
1179 2042 1298 2121 Vales.
1326 2046 1396 2145 in·

161 2143 277 2239 Proleg.
299 2143 342 2216 ad
362 2137 454 2217 Hist.
480 2140 555 2236 ejus
570 2141 702 2218 Eccles.
729 2142 959 2240 Photiuslip.
988 2162 1093 2236 144,
1119 2144 1155 2217 iu
1172 2140 1362 2217 Eusebium

158 2234 309 2336 iniquior,
342 2235 437 2338 quod
462 2238 575 2311 cultus
597 2238 788 2337 imaginum
808 2262 880 2313 nou
905 2237 1015 2313 suerit
1040 2239 1177 2329 fautor,
1209 2238 1363 2313 Arianis·

159 2358 238 2408 mum
262 2357 330 2407 non
353 2351 509 2423 tautum,
542 2331 600 2409 sed
626 2354 665 2408 et
692 2333 1037 2433 Origenianismum,
1068 2333 1230 2431 respectu
1257 2332 1365 2407 resur·

157 2430 395 2505 rediouiscor
421 2450 544 2520 orum,
582 2428 646 2528 ipsi
664 2447 798 2505 temere
816 2432 1003 2506 admodum
1032 2429 1218 2528 inputavit.
1267 2430 1366 2503 Inter

156 2527 372 2600 Recentiores
394 2452 584 2617 ieramus,
624 2525 907 2601 Montfalconius
933 2526 970 2601 iu
996 2527 1135 2624 Proleg.
1161 2525 1203 2599 ad
1228 2524 1363 2602 Comm.
1446 2567 1452 2571 -

157 2618 226 2698 Eos.
249 2622 284 2696 in
310 2621 433 2695 Psalm.
467 2640 505 2694 et
529 2621 685 2697 Clericus
707 2620 789 2701 qu
817 2620 871 2698 ist.
899 2621 1006 2712 Coit,
1031 2620 1267 2696 Arianismum
1287 2623 1362 2718 ejus

152 2716 374 2793 demonstrare
399 2714 520 2822 conati
546 2716 644 2808 sunt¹
667 2718 725 2791 sed
744 2647 859 2794 Builus
883 2716 955 2792 des.
982 2715 1041 2792 fid.
1066 2718 1154 2793 Nic.
1180 2716 1263 2792 sest.
1291 2718 1361 2794 lls.
1379 2752 1396 2769 s

152 2837 186 2888 et
206 2820 299 2890 Cave
325 2811 363 2886 in
387 2809 501 2901 Diis,
542 2811 661 2911 script.
686 2813 761 2887 e'us
787 2811 919 2889 Eccles.
952 2812 1152 2910 subjuncta,
1193 2836 1274 2888 eum
1301 2812 1364 2889 de·

123 2910 346 2998 *fendcruntt
372 2906 434 3005 qui
459 2925 599 2984 autores
621 2839 824 2985 considendi
850 2909 939 2985 sunt.
989 2910 1045 2983 Ex
1070 2932 1189 2985 mean
1216 2909 1360 3005 mione,

147 3004 271 3105 liquis
300 3029 340 3080 ae
364 3024 446 3078 oum
478 3023 570 3078 amar
600 3004 693 3081 serre
731 3005 924 3104 judicium,
968 3027 1001 3081 1.
1023 3005 1067 3078 ab
1089 3006 1156 3079 hac
1193 3007 1363 3104 ejungere

149 3108 251 3177 'debet
274 3028 392 3186 nui,
422 3121 512 3197 quae
534 3120 674 3197 praeter
696 3099 949 3211 praejudicium
982 3098 1070 3174 nihil
1095 3100 1286 3192 evincunt,
1318 3098 1362 3177 li·

147 3218 202 3273 cet
223 3200 266 3273 ad
285 3194 418 3310 judicia
433 3196 619 3289 formanda
634 3196 751 3293 adrrpr
769 3195 913 3269 soleant.
965 3194 1048 3294 Quo
1063 3195 1241 3292 pertinet,
1265 3192 1362 3293 quod

145 3320 208 3395 pro
231 3297 323 3369 Ario
346 3290 522 3386 scripserit
548 3311 632 3367 ante
659 3290 842 3390 Synodum
857 3289 1079 3379 Nicaeum,
1102 3287 1271 3367 formulae
1294 3293 1360 3393 sy·

143 3389 222 3466 nodi
243 3391 282 3465 in
307 3387 484 3485 principio
512 3389 557 3461 ob
585 3409 715 3462 vocem
740 3385 930 3482 homooofior
954 3382 1168 3465 subscribere
1184 3388 1360 3483 noluerit,
1419 3435 1434 3445 ό-

142 3485 289 3586 synodis
312 3503 436 3560 contra
457 3480 680 3559 Eustathium
704 3500 743 3558 et
765 3479 993 3557 Athanasium
1017 3479 1238 3575 interfuerit,
1270 3506 1360 3595 quae

140 3587 238 3682 ¹supra
268 3582 305 3658 in
328 3584 404 3657 vita
428 3580 506 3677 ejus.
527 3576 732 3669 observavi3
774 3598 978 3677 praeterea,
1010 3577 1105 3676 quod
1140 3581 1183 3653 ab
1219 3579 1361 3659 Arrani's

138 3706 203 3783 pro
233 3679 374 3756 fautore
404 3695 443 3750 et
468 3693 621 3846 patrono
654 3673 723 3749 suit
752 3672 913 3767 habitus,
954 3670 1042 3750 teste
1075 3673 1296 3752 Theodoret.
1320 3678 1359 3756 iu

135 3776 328 3878 'prooemio
342 3774 387 3850 ad
395 3770 465 3871 Epi
498 3827 507 3845 .
527 3770 570 3846 ad
587 3771 725 3863 Hebe,
751 3772 983 3863 zelotaesvero
998 3771 1091 3845 iuter
1106 3766 1359 3877 orthodoxos}

141 3877 199 3977 qui
221 3876 297 3977 ejus
320 3866 601 3946 moderationem
624 3890 730 3966 aegre
758 3867 932 3959 tulerunt,
973 3890 1060 3960 eum·
1080 3864 1274 3963 suspectum
1300 3869 1363 3947 ha'·

138 3972 298 4063 buerint,
334 3985 376 4042 et
399 3961 686 4042 condemnarint:
717 3963 872 4065 denique
896 3962 1088 4043 Arianismi
1112 3961 1294 4043 historiam
1317 3964 1360 4039 li·

135 4067 248 4147 lentio
270 4061 483 4143 involverit.
533 4060 603 4135 Sed
627 4060 738 4152 haec,
769 4079 807 4136 et
833 4060 959 4137 horum
979 4058 1121 4155 similia,
1149 4083 1225 4141 reru
1253 4058 1361 4159 ipsam
1395 4150 1401 4161 Ι

132 4184 209 4250 uon
229 4183 371 4249 tautum
394 4178 470 4237 uon
495 4154 895 4332 adfirmmt,‘pr2lacile
916 4159 1051 4241 videro
1068 4153 1362 4338 est'tesiituiituio

278 4306 285 4319 ·
1325 4301 1368 4353 s
1438 4254 1498 4528 Δ
