3074 4838
143 688 246 792 ⁷348}
534 656 973 792 mstiritfncitunst.
1077 669 1083 678 ’

156 893 225 961 nuo
241 878 404 965 piloque·
428 862 466 943 in
489 866 649 953 ,Oriente
672 868 751 943 duo
784 894 827 964 pi
854 866 1029 967 nulgavit
1056 886 1122 964 pro
1156 867 1382 960 Christianis,

157 962 696 1072 uuumssa.2412.·apud*Euseb.
722 963 773 1037 H.
799 893 851 1038 X9
870 988 904 1057 9.
930 967 1077 1039 alterum
1101 988 1131 1039 a.
1158 988 1265 1061 313.,
1297 964 1382 1061 post

158 1058 344 1152 vistpriani
369 1055 414 1131 de
438 1055 560 1154 ipsoa
581 1058 726 1133 Licinio
751 1078 986 1169 reportatam,
1010 1061 1111 1156 paulo
1134 1080 1214 1134 ante
1240 1063 1383 1136 obitum

157 1148 436 1357 ddpddllaluhgth
454 1176 707 1343 {lochhlrthllr
729 1153 1382 1348 qppcaappoclpppfipppisteipniusbeerrreipgnp

158 1344 302 1421 reddita
328 1344 424 1430 sunt,
457 1363 495 1419 et
521 1346 672 1421 basilicas
694 1343 896 1419 exstruendi
946 1343 1072 1418 orestas
1096 1346 1175 1420 data
1198 1347 1262 1422 est.
1311 1349 1382 1421 Pu·

158 1438 472 1516 blicatuin'etiain
504 1463 590 1515 mox
621 1439 857 1513 Nicomediae
892 1370 945 1514 eil
977 1439 1131 1514 edictum
1164 1441 1249 1515 illud
1280 1444 1375 1516 Con·

156 1533 295 1612 stantini
318 1553 356 1606 et
380 1533 510 1608 Licinii
535 1534 734 1609 Mediolani
758 1534 898 1626 datum,
924 1558 1033 1632 eaque
1057 1535 1195 1610 ratione
1218 1559 1288 1632 pair
1305 1538 1374 1610 Ec·

154 1626 413 1706 clesiaeestin
444 1628 652 1707 Occidente,
668 1650 710 1702 ac
737 1629 884 1703 Oriente
909 1630 1090 1719 restituta,
1130 1651 1168 1704 et
1192 1631 1376 1705 celeberri-

20 1802 24 1809 ,
157 1751 217 1809 ma
241 1725 297 1801 illa
319 1722 467 1819 ,epocha
490 1726 584 1818 pacit
608 1721 776 1816 Ecclesiae
806 1727 949 1800 redditae
976 1725 1134 1833 incepit,
1173 1728 1272 1820 cujus
1299 1750 1373 1800 me·

157 1821 266 1898 ininit
288 1817 456 1892 Eusebius
488 1821 526 1893 in
553 1818 705 1907 Chron.,
733 1842 812 1893 vnec
836 1844 907 1893 non
933 1821 1138 1895 chronicon
1162 1821 1372 1896 Alexandri·

154 1941 265 2005 num,
291 1912 362 1995 uhi¹
379 1909 573 1994 Constantii
601 1937 694 1989 mota
718 1935 942 1991 memoratur.

110 2023 114 2033 ‘
174 2011 236 2109 lh
267 2006 488 2103 cccxxiii.
530 2010 659 2106 Longo
699 2007 779 2085 satit
813 2027 973 2104 ternpore
1012 2006 1090 2105 post
1125 2007 1213 2083 nihil
1246 2006 1377 2086 contra

158 2103 407 2180 Gentilismum
441 2104 595 2178 tentavit
617 2102 883 2196 Constantinus,
925 2127 991 2178 nee
1016 2105 1090 2200 ejus
1120 2103 1375 2201 professionem

156 2221 218 2277 aut
246 2198 408 2280 instituta
441 2197 568 2281 vetuit.
599 2201 695 2284 ¹lmo
718 2221 806 2271 vero
834 2224 865 2274 a.
892 2224 973 2295 319.
1007 2220 1044 2271 et
1079 2222 1161 2294 321.
1192 2199 1373 2295 publicam

155 2293 412 2390 haruspicinam
436 2295 512 2388 lege
536 2293 603 2367 lata
623 2292 799 2389 permisit,
834 2293 972 2390 privata
996 2311 1132 2367 tantum
1163 2294 1372 2392 prohibita,

156 2413 197 2467 et
219 2390 438 2486 haruspicum
469 2387 637 2485 responsis
665 2388 709 2463 ad
735 2389 826 2463 suani
852 2389 969 2463 tradiit
1002 2388 1202 2479 scientiam,
1242 2411 1280 2464 ut
1303 2415 1373 2487 pu·

155 2488 268 2565 blicae
290 2486 387 2559 saluti
413 2485 662 2567 consuleretur.
715 2485 815 2582 Quae
839 2484 895 2557 lex
921 2482 1032 2558 exstat
1064 2484 1101 2556 in
1128 2484 1215 2559 Cod.
1241 2486 1369 2581 Theo·

154 2582 228 2661 dos.
262 2583 283 2655 1.
307 2581 410 2653 XVI.
441 2580 496 2650 tit.
527 2580 571 2652 de
594 2580 762 2673 Pagonii,
805 2596 842 2649 et
875 2577 931 2653 tit.
965 2579 1010 2652 de
1041 2579 1211 2674 maleficis.
1261 2581 1372 2657 Unde

152 2676 285 2771 liquet,
310 2696 382 2746 aras
406 2692 443 2746 et
467 2672 606 2746 delubra
629 2673 743 2746 adhue
768 2673 905 2763 publice
931 2673 1129 2748 exstitilset.
1154 2698 1222 2749 nec
1247 2695 1368 2752 tamen

153 2771 239 2848 inde
268 2767 529 2865 colligendum,
555 2768 649 2862 quod
683 2766 837 2840 Zosimus
873 2769 979 2842 tradit
1007 2772 1030 2843 l.
1054 2770 1125 2858 ll.,
1169 2769 1368 2845 Constanti·

39 2909 41 2912 Δ
154 2889 241 2952 nuni
272 2882 357 2937 tunc
397 2860 635 2958 superstitioni
663 2863 851 2959 gentilium
884 2864 998 2938 adhuc
1035 2863 1136 2938 soille
1171 2865 1375 2944 addiciunt:

153 2960 318 3058 adpellat,
332 2957 424 3032 enlm
447 2955 750 3055 superstitionem,
776 2976 814 3032 et
830 2959 1087 3054 permissionem
1118 2978 1252 3057 tantuin
1268 2985 1376 3039 coin·

151 3054 321 3228 plpdbitur
343 3054 412 3129 leit·
460 3054 544 3128 Fuit
578 3077 666 3127 vero
693 3074 777 3127 tunc
807 3053 844 3125 in
868 3077 909 3127 ea
933 3055 1046 3126 adhue
1079 3054 1250 3151 opinione
1273 3061 1376 3135 Con·

204 3149 341 3239 ntinus,
381 3148 506 3247 cuique
528 3149 736 3245 religionem
759 3149 888 3222 debere
911 3148 981 3222 elle
1005 3149 1167 3225 liberam:
1208 3152 1304 3246 quod
1333 3175 1376 3230 et

149 3248 228 3343 ipse
254 3245 344 3318 clare
361 3243 505 3321 testatur
526 3246 565 3319 in
582 3245 701 3318 edisio
723 3244 765 3317 ad
781 3244 1031 3334 Provinciales,
1057 3248 1159 3339 paulo
1184 3267 1267 3321 ante
1283 3249 1369 3327 Arii

150 3358 270 3417 motus
289 3337 407 3429 edito,
430 3339 521 3434 apud
540 3339 666 3444 Euseb.
684 3340 750 3411 vit.
769 3338 886 3412 Const.
905 3340 927 3412 l.
944 3342 990 3412 ll.
1008 3362 1083 3431 cap.
1094 3349 1152 3430 56.
1172 3349 1231 3417 60.
1263 3342 1373 3442 Quae

2 3430 9 3455 ⁸
112 3453 113 3456 ’
148 3440 226 3514 loca
248 3432 348 3506 valde
372 3433 449 3506 sunt
474 3432 659 3522 notabilia,
693 3432 766 3505 vid.
795 3434 901 3506 etiam
929 3435 1014 3508 Cod.
1040 3435 1220 3510 Theodos.
1248 3440 1270 3512 l.
1298 3440 1367 3516 lX.

147 3535 208 3619 tit.
237 3534 294 3603 16.
343 3527 520 3602 Praeterea
542 3527 710 3602 concellit
734 3553 765 3602 a.
793 3551 874 3623 323.
900 3528 1065 3621 lustrorum
1083 3529 1279 3627 sacrificia:
1305 3535 1366 3611 sed

147 3651 231 3703 cum
256 3624 465 3697 Senatorum
487 3641 524 3695 et
542 3622 812 3717 Magistratuuni
837 3626 1091 3720 quamplurimi
1116 3627 1230 3700 adhuc
1248 3627 1366 3706 ellent

26 3804 32 3813 ,
134 3720 333 3810 Gentiles,
359 3718 453 3814 iique
481 3715 716 3806 Christianos,
744 3718 804 3792 ubi
821 3739 1006 3813 poterant,
1032 3721 1129 3798 ornni
1153 3744 1221 3816 ope
1246 3723 1290 3798 ad
1314 3727 1365 3800 sa·

147 3815 281 3900 crificia
307 3815 575 3907 compellerent,
600 3814 845 3888 Constantinus
867 3839 944 3888 eam
971 3815 1065 3906 vim,
1090 3817 1169 3912 lege
1191 3820 1281 3908 lata,
1306 3816 1363 3894 se·

143 3938 233 3991 ‚vere
259 3909 318 3985 sub
340 3907 496 3985 fustuarii
519 3907 696 4005 supplicii
714 3932 847 4005 poena,
883 3912 944 4011 ⁴vel
980 3913 1176 4007 gravissima
1209 3912 1361 4008 mulcta,

145 4006 350 4115 prohibuit:
391 4005 428 4078 in
453 4004 533 4081 cod.
570 4005 752 4078 Theodos.
787 4004 844 4080 tit.
878 4008 917 4077 de
943 4005 1126 4102 Episcopis.
1177 4008 1365 4104 Deinceps

133 4131 235 4219 'vero
268 4103 314 4211 *in
343 4098 522 4203 rethone
551 4099 752 4214 Christiana
789 4103 1014 4201 propaganda
1045 4105 1144 4199 leget
1178 4103 1302 4209 magio
1320 4118 1366 4179 ct

141 4236 143 4241 ·
663 4227 667 4245 i
738 4224 761 4232 ··
1225 4219 1376 4301 poenae
