3074 4838
744 462 763 481 ἱ
1001 438 1006 445 .

179 708 256 787 414
566 678 717 787 ffifloria
736 678 868 785 Ecekfi
895 678 1014 785 nmss.
1115 714 1120 722 ·

186 880 226 940 et
247 861 512 941 commentariis
533 858 758 952 illustratum,
782 861 840 938 sed
864 863 934 937 fuit
959 858 1063 937 nimiu
1086 858 1268 957 moini,
1292 874 1405 941 etor-

183 961 278 1036 dinit
299 982 496 1071 temporurn
520 958 767 1055 negligentior.
813 961 951 1034 idacius
975 958 1208 1051 Leniicensu,
1250 963 1289 1037 in
1320 958 1400 1037 His·

182 1058 309 1171 paniae
330 1078 516 1166 procincta
540 1055 713 1130 Gallaecia
742 1055 958 1226 bipispopur,
1000 1054 1094 1166 sive,
1131 1058 1399 1157 ut'Sigebertur

184 1153 309 1244 tradit,
341 1149 573 1242 Lemrcensrs,
606 1150 678 1226 srve
704 1169 754 1226 un
778 1153 837 1226 alu
899 1149 1180 1249 quaeflavreniis,
1222 1154 1284 1229 sed
1311 1174 1398 1252 quae

183 1272 254 1324 non
279 1249 420 1324 videtur
450 1246 656 1359 fuisse-urbs
681 1247 916 1418 Episcopasis,
949 1265 1161 1359 rnemoratus
1182 1250 1302 1360 Leoni
1337 1248 1395 1326 M.

73 1380 98 1461 -’
182 1345 394 1553 ἔξὲζῖξ
406 1345 653 1551 ‚institi
680 1345 1396 1563 fitttttsfittffstfbbb‘tt

177 1560 262 1615 cum
288 1539 383 1613 fastra
405 1536 648 1647 Consuianbus
673 1534 785 1647 exstat
806 1540 982 1636 integrum
1014 1535 1053 1609 in
1077 1538 1186 1646 Oper.
1212 1536 1393 1646 birmondi

179 1654 269 1710 tom.
297 1638 366 1726 11.,
401 1630 558 1707 recusum
583 1655 621 1705 rn
647 1632 824 1705 colonione
847 1634 1047 1708 conciliorum
1070 1630 1265 1729 Hispaniae
1301 1654 1389 1709 torn.

173 1734 228 1810 ἸΙ
280 1733 403 1807 Utitur
427 1746 563 1840 autem,
594 1747 738 1824 praeter
761 1751 876 1802 aeram
900 1729 1124 1839 Abrahami,
1153 1750 1233 1804 aera
1257 1730 1386 1828 Hispa·

172 1851 276 1917 nica,
311 1847 398 1937 quae
423 1821 554 1934 Chrrstr
586 1826 733 1933 natalem
766 1846 846 1899 ann.
872 1834 930 1919 38.
964 1826 1153 1899 antecedit.
1204 1823 1267 1900 Est
1299 1847 1392 1922 mag-

175 1925 214 1999 ni
241 1927 349 2021 pretii
373 1920 569 1995 chronicon
588 1943 626 1993 rn
645 1918 789 1993 brstoria
803 1921 1020 2008 suevorum,
1054 1922 1280 2012 Gothorum,
1305 1921 1389 1997 alio·

172 2040 323 2118 rumque
346 2018 555 2116 populorum
580 2017 826 2125 barbarorum,
861 2016 920 2114 qui
944 2014 1149 2113 Hispaniam
1173 2035 1262 2092 tunc
1282 2014 1390 2093 inses-

172 2134 313 2229 tapunt,
363 2113 457 2211 quod
486 2109 605 2223 postca
644 2110 824 2223 exscripsit
869 2111 1017 2185 Isidorus
1060 2112 1288 2223 {sispalenfist
1331 2112 1389 2189 sed

172 2214 259 2407 {is}
272 2208 968 2414 {insidiiisesistsisnissi,
983 2213 1183 2380 ‘sitisti
1200 2212 1387 2405 ῑξὲἱῖἑῗέῗ

168 2407 207 2489 in
231 2406 340 2500 Oper.
365 2398 544 2514 rithanasn
572 2401 749 2512 tondis.
799 2399 963 2496 Denique
992 2399 1119 2491 Vilior,
1145 2424 1219 2476 non
1235 2405 1386 2479 Uticen-

29 2584 33 2593 ,
169 2503 242 2611 su,
256 2501 314 2574 sed
326 2496 507 2589 -vnenfis,
523 2519 560 2571 an
577 2518 758 2593 provincia
773 2497 972 2605 Byzacena,
992 2496 1202 2593 Episcopus,
1224 2501 1268 2573 ab
1284 2501 1386 2575 Hun-

167 2592 684 2707 nerrco·regei{anda10rurp,
727 2611 890 2687 ternpore
920 2592 1081 2687 urgentis
1108 2590 1381 2689 persecutionis,

92 2702 98 2717 ’
167 2690 390 2805 sipontinum·
412 2688 549 2796 missus,
588 2684 721 2795 scripsit
749 2709 778 2759 a.
804 2697 887 2777 488.
913 2689 1040 2796 librum
1075 2689 1122 2762 de
1156 2688 1381 2787 Persecutione

168 2785 353 2865 Vunduitca
378 2806 417 2895 ¹.ss
443 2782 588 2893 Africa,
621 2782 806 2855 novrffime
831 2809 850 2857 a
874 2785 1070 2875 Rurnarto,
1104 2807 1185 2858 curn
1212 2790 1310 2861 notis
1344 2803 1381 2861 et

164 2901 420 2998 conmentarro
443 2878 493 2988 de·
517 2879 574 2988 illa
602 2880 871 2974 persecutione,
904 2877 1063 2970 editum3
1102 2880 1163 2980 qui
1194 2881 1380 2982 ingentem

164 2985 269 3089 nobrr
290 3002 328 3057 rn
352 2979 420 3053 hac
444 2973 590 3050 hrstorra
610 2977 758 3072 praebet
784 2974 892 3050 usum.

499 3190 503 3199 ·
633 3168 914 3243 DOCTRINA.

168 3374 174 3385 ‘
202 3361 240 3538 ἓ,
264 3362 454 3437 XXXVII.
490 3360 599 3434 Canon
622 3359 821 3453 scripturae
845 3359 905 3447 S.‚
947 3375 985 3431 ut
1006 3357 1112 3450 inde,
1154 3384 1221 3455 pro
1258 3380 1377 3454 more,

157 3486 202 3540 or
226 3461 294 3548 ‘ar,
319 3479 386 3530 nec
401 3456 527 3530 eodem
546 3458 655 3531 modo
672 3454 874 3542 distindtus,
903 3476 968 3527 nec
992 3458 1129 3529 eosdem
1155 3458 1266 3535 libros
1281 3481 1375 3535 corn·

156 3562 278 3660 plexus
300 3550 351 3626 est
374 3575 437 3648 pet
461 3576 582 3627 ornnes
608 3550 785 3624 Ecclesias.
835 3549 996 3623 Ruffinus
1019 3551 1055 3624 in
1080 3552 1377 3652 expofirionesyrn·

157 3659 223 3733 ioli
255 3646 371 3727 divisit
405 3649 441 3721 in
476 3648 690 3734 Canonicos,
728 3644 1005 3736 Ecclcfiasticos,
1046 3667 1084 3721 et
1118 3653 1374 3749 Apocryphos,

157 3752 264 3828 titulo
286 3740 607 3818 Ecclefiasticorum
641 3743 816 3839 infignitis
848 3741 966 3831 libris,
1005 3743 1064 3837 qui
1099 3746 1375 3823 Protestantibno

155 3846 235 3927 flrnt
255 3839 470 3940 apocryphi,
505 3841 561 3938 qui
585 3839 627 3913 ad
654 3839 936 3913 aedificationem
962 3838 1100 3936 quidem
1125 3844 1373 3940 praelegeban·

153 3966 230 4031 tur,
262 3938 319 4012 sed
346 3938 387 4011 ad
415 3937 577 4035 dogmata
600 3934 875 4023 demonstranda
895 3957 967 4007 non
990 3934 1259 4012 adhibebantur.
1309 3940 1370 4035 Ju-

154 4042 256 4117 niiius
281 4058 442 4131 quoquc,
472 4035 516 4109 de
543 4056 612 4131 quo
647 4057 754 4122 mox,
781 4055 856 4127 cap.
884 4052 918 4123 7.
944 4029 1069 4121 tradit,
1110 4038 1280 4108 canonicos
1301 4029 1367 4104 eise

145 4136 308 4245 perfetio
323 4128 535 4224 autoritatis,
561 4127 856 4206 Ecclesiasticora
874 4128 1050 4202 nonnuliis
1065 4148 1254 4228 receptos,
1277 4125 1368 4199 Hie*

156 4248 195 4276 ⁸⁶
1220 4242 1371 4323 ronyrno
