3008 4830
483 700 502 767 Ι·
590 658 695 737 secut.
722 659 807 739 IV.-
1232 660 1305 757 '13

61 838 173 917 doxis
191 835 375 927 .instituit;
408 856 448 915 ut
478 861 523 915 ex
549 837 728 937 Gregorio
752 836 915 938 Nylleno
969 852 1058 915 atet·
1094 837 1194 915 Solet
1217 839 1299 937 qui·¹

64 938 152 1013 dem
178 934 279 1011 simili
316 940 397 1010 viro
424 934 577 1010 adtribui
613 933 778 1011 uadatus
800 933 920 1009 Athau
954 936 979 1009 ri
1003 936 1048 1010 de
1073 936 1297 1011 inminutione

63 1034 161 1109 uerbi
189 1033 276 1125 Dei,
308 1052 376 1104 nec
409 1031 481 1106 fine
497 1030 635 1130 specie,
674 1053 753 1104 cum
771 1052 907 1105 carnem
935 1050 1068 1106 tautum
1093 1029 1130 1104 in
1156 1026 1296 1107 Christo

63 1127 261 1223 agnoscat,
294 1147 332 1200 et
357 1149 440 1201 cum
464 1147 588 1223 corpore
617 1125 832 1216 confundat,
876 1145 912 1199 et
945 1130 988 1202 ab
1022 1150 1066 1199 eo
1103 1126 1206 1200 distin
1257 1143 1296 1201 at

68 1222 377 1321 mwpospiritum,
405 1224 461 1297 seu
479 1223 637 1298 divinam
653 1242 831 1298 naturam:
852 1246 996 1313 verum,
1020 1242 1102 1297 cum
1119 1224 1204 1297 Chri
1238 1246 1296 1299 um

101 1323 285 1394 rofiteatur
307 1322 399 1392 nolis
424 1341 488 1414 per
504 1316 624 1396 omnia
642 1314 803 1409 strnilem,
842 1335 977 1414 etqua·
998 1317 1181 1393 hominem
1210 1342 1294 1416 pro·

68 1346 198 1492 iecisse
220 1414 411 1511 sapientia,
452 1414 630 1512 duplicem
655 1414 762 1486 etiam
780 1413 815 1487 ei
833 1414 963 1486 tribuat
979 1415 1217 1505 voluntatem,
1243 1414 1296 1488 di·

77 1510 198 1586 vinam
227 1529 265 1582 et
297 1508 505 1600 humanam,
548 1506 794 1607 Apollinarista
827 1528 899 1583 non
931 1509 1075 1584 videtui
1108 1508 1209 1584 suiffe
1235 1532 1295 1582 au·

72 1629 156 1695 tor,
181 1626 250 1679 nec
273 1623 391 1676 tamen
416 1604 643 1695 Athanasius,
669 1602 767 1698 cujus
792 1600 929 1693 stilum,
963 1621 1001 1679 et
1022 1627 1159 1677 morem
1186 1605 1297 1677 ratio·

66 1700 243 1789 cinandi,
268 1720 342 1772 non
358 1698 514 1789 redolet,
548 1702 651 1775 Prov.
677 1700 783 1777 Vlll.
808 1700 967 1774 Dominus
989 1701 1125 1774 condidit
1152 1726 1201 1773 me
1225 1718 1296 1774 etc.

64 1799 182 1877 aliter
203 1792 352 1891 eaponit
384 1802 426 1869 ac
459 1794 676 1875 Athanasius.
705 1794 801 1871 ,l'sa
834 1794 971 1893 loistorr'a
1005 1796 1218 1871 Ariauorum
1251 1792 1297 1895 ad

66 1890 281 1971 Monachus
303 1888 436 1981 dubito⁸
449 1889 537 1966 sitne
555 1820 768 1971 Athanasii)
798 1890 943 1987 acujus
978 1880 1153 1989 scrihendi
1188 1889 1298 1974 modo

64 1986 227 2067 multum
244 1983 429 2074 abhorret,
453 1984 578 2082 estque'
586 1976 860 2082 repetitionibus
874 1986 997 2084 plenar
1023 1986 1129 2087 etiam
1153 1984 1191 2061 in
1208 1996 1298 2093 nou-J

66 2080 182 2163 nullis
213 2082 256 2155 ab
281 2080 357 2153 aliis
382 2079 560 2159 Athanasii
585 2076 722 2178 scriptis
737 2078 968 2172 diversa-,ut
986 2086 1052 2161 eu.¹
1066 2106 1120 2183 gr,
1145 2078 1191 2182 'p'.·
1212 2090 1295 2178 387,

62 2180 166 2275 edit.
192 2173 369 2249 Beneuu.
395 2195 435 2250 ut
460 2176 498 2251 in
532 2178 627 2251 notis
650 2179 862 2252 observatur.
975 2181 980 2193 '

119 2272 159 2375 ς.
186 2272 286 2347 XVI.
318 2269 481 2362 Bofilius,
508 2275 616 2369 vulgo
642 2277 792 2368 Magnus
815 2271 946 2362 disius,
971 2271 1069 2367 cujus
1092 2271 1204 2345 vitam
1230 2293 1297 2369 op·

63 2371 192 2459 time,
209 2365 326 2441 etluse
343 2390 500 2465 quoque,
517 2367 1008 2465 depinxeruntBenedistioi,
1029 2367 1297 2465 noviffimiope·

62 2490 155 2543 rum
189 2462 262 2560 ejus
290 2461 468 2554 editores,
494 2462 565 2538 srve
592 2464 776 2539 Caesareae
804 2462 841 2538 in
873 2463 1115 2561 Cappadocia,
1155 2462 1225 2537 five
1259 2462 1299 2538 in

62 2564 334 2646 Pontooatus,
360 2556 453 2633 circa
472 2582 551 2641 anu.
575 2580 656 2656 329.
669 2574 684 2651 ,'
707 2579 894 2659 paternum
906 2582 1018 2658 genus
1033 2582 1053 2631 e
1071 2561 1210 2648 Ponto,
1225 2582 1299 2635 ma·

63 2678 223 2733 ternum
248 2653 528 2750 aCappadocia,
556 2656 697 2746 habuit,
731 2664 913 2755 parentem
939 2674 1125 2751 utrumque
1149 2653 1298 2750 dignita·

64 2754 178 2833 tibus
201 2768 240 2824 et
263 2749 390 2845 opibus
422 2773 496 2826 non
522 2770 681 2845 tautum,
704 2776 828 2827 verum
855 2771 893 2824 et
918 2749 988 2827 fide
1013 2772 1055 2824 ac
1077 2749 1212 2847 pietate
1229 2752 1298 2825 cla³

62 2873 180 2947 rum,
219 2863 356 2942 patrem
382 2846 559 2939 Basilium,
601 2849 660 2944 qui
685 2848 922 2945 eloquentiam
951 2845 1072 2921 docuit
1102 2846 1140 2918 in
1162 2848 1299 2936 Ponto,

61 2965 111 3022 et
138 2959 291 3016 matrem
313 2941 532 3018 Emmeliam.
583 2945 646 3017 Pie
669 2962 707 3018 et
730 2947 822 3019 bene
847 2944 1035 3032 educatus,
1061 2941 1225 3108 primum
1256 2944 1300 3018 ab

63 3037 166 3115 'avia
192 3034 367 3126 Macrino,
392 3036 691 3134 famigeratillitno
710 3040 887 3135 Gregorio
910 3040 1059 3114 Neocae
1074 3062 1121 3112 ar.
1144 3038 1301 3131 devota,

63 3133 209 3212 deina
232 3133 649 3221 matreium-caesareae,
683 3157 723 3204 ac
747 3133 873 3220 Patre,
907 3133 967 3227 qui
992 3132 1222 3204 Rhetoricam
1248 3134 1301 3209 ihi

66 3227 232 3314 docuit,
261 3225 403 3327 inplias
425 3229 648 3326 provincias,
682 3226 875 3303 studiorum
901 3225 1017 3314 causa,
1051 3226 1183 3315 missus,
1222 3228 1304 3325 post

62 3343 233 3405 mortem
263 3323 372 3398 Patris
406 3348 437 3399 a.
465 3327 732 3422 342ve1347,
767 3343 807 3401 ut
836 3322 998 3411 uidetur,
1038 3323 1187 3420 primum
1213 3327 1302 3402 Cae·

63 3425 218 3510 sareae,
243 3441 317 3494 non
340 3419 571 3510 Palaestinae,
603 3423 662 3495 sed
687 3421 813 3508 Ponti,
853 3416 975 3492 studiis
1000 3416 1177 3510 incubuit,
1217 3421 1303 3500 dein

67 3513 409 3610 Conslantinopoli,
440 3515 735 3614 praestantiffimis
764 3513 982 3624 Philosophia
1016 3533 1054 3588 et
1081 3514 1303 3597 Rhetoribus

65 3636 166 3692 tunc
191 3608 336 3699 illustri,
371 3612 430 3686 ubi
453 3612 640 3689 Libanium
664 3610 786 3689 habuit
810 3609 1042 3708 Magistrum,
1064 3634 1248 3706 -quocum,
1276 3614 1302 3690 ii

64 3713 217 3790 litterae
232 3707 393 3804 ipsorum
419 3714 560 3783 m'ut'uae
586 3709 653 3783 sint
678 3707 874 3805 genuinae,
930 3730 994 3781 uae
1020 3705 1176 3798 exstant,
1216 3709 1305 3789 ami·

67 3809 200 3886 citiam
225 3804 289 3878 diu
318 3802 447 3894 coluit,
474 3805 614 3880 tandem
638 3802 804 3894 Athenis,
829 3802 891 3880 ubi
945 3802 1122 3900 tegorium
1146 3805 1304 3885 Nazian-

57 3898 200 3986 'zenum
227 3897 354 3975 nasius
381 3897 430 3972 est
455 3898 649 3975 studiorum
665 3900 820 3992 socium,
844 3916 880 3973 et
903 3898 1031 3974 arsiam
1050 3924 1129 3973 cum
1154 3924 1199 3975 eo
1218 3912 1305 3977 c'on·

66 4002 180 4081 traxit
201 3993 421 4085 amicitiam,
448 4019 599 4092 quocum
626 3995 731 4072 etiam
767 3997 805 4070 in
837 3995 1003 4070 notitiam
1028 3994 1177 4092 Juliani,
1210 3993 1303 4089 post·

61 4124 109 4180 ea
122 4092 382 4199 inperatoris,
407 4091 521 4173 veuit.
546 4093 702 4269 Athensss
717 4091 849 4171 relitlis
864 4114 896 4170 a.
922 4099 1014 4193 356,
1039 4112 1076 4168 et
1093 4090 1131 4168 in
1154 4088 1306 4259 Pupiam

713 4211 732 4288 3
809 4202 812 4208 ’
1173 4204 1212 4256 fe
1239 4203 1306 4287 uxr

1408 4296 1436 4527 l
