3008 4830
232 659 321 755 “138
640 653 789 757 Historia
809 651 938 756 Ectsrs.
962 652 1082 759 carisi.

245 835 374 928 uibus,
398 855 461 910 eut
490 853 688 913 conventas
709 861 782 915 nou
807 855 942 915 tautum
962 837 1233 935 continuarunt,
1258 836 1387 935 seduc
1401 839 1468 916 die

251 930 433 1006 dominico
456 930 499 1005 ad
522 932 672 1031 reliquos
694 935 730 1009 se
758 934 909 1011 timanae
925 933 1001 1015 dies
1016 932 1280 1027 transtulerunt,
1293 930 1367 1027 'ut,
1387 954 1465 1012 tum

250 1024 476 1102 devotionem
503 1024 697 1122 inascetia,
721 957 781 1105 seu
795 1029 972 1108 severiore
986 1029 1085 1107 vitae
1100 1026 1249 1122 deditii,
1274 1030 1465 1125 soverent,

250 1140 326 1198 tum
349 1123 576 1215 secularibus,
601 1126 769 1224 quirunt
793 1149 813 1200 a
836 1125 993 1221 negotiis
1018 1128 1208 1219 vacabant,
1240 1124 1379 1225 occasio
1397 1129 1463 1215 def

242 1218 412 1295 motionis
435 1222 679 1316 praeberetur:
712 1245 816 1320 quare
837 1221 894 1301 iila
913 1220 1029 1298 officia
1057 1219 1150 1297 soliti
1174 1220 1318 1309 suerupt
1338 1220 1465 1301 sedulo

244 1315 517 1407 -commeudare3
556 1316 610 1391 uti
623 1318 688 1392 sae
716 1341 736 1398 e
760 1314 936 1415 chrysost.
962 1341 1018 1393 ex.
1044 1338 1096 1413 gr.
1114 1316 1240 1409 ,hom
1273 1342 1307 1391 o.
1340 1319 1387 1393 ad
1426 1340 1463 1417 1,

242 1413 292 1488 ad
315 1414 418 1503 Con,
442 1412 641 1488 Commeat.
664 1340 714 1491 as
733 1413 785 1499 Ps.
813 1410 1011 1493 CXXXIII.
1036 1431 1074 1485 et
1090 1410 1185 1487 alibi.
1252 1411 1463 1509 rrepserunt

242 1524 388 1607 'quoque
413 1507 521 1584 horae
545 1509 754 1598 canonicae,
785 1507 936 1607 publicis
958 1505 1123 1604 precibus
1140 1500 1352 1597 destinatae,
1389 1510 1463 1605 pri-

247 1626 321 1697 mu,
345 1607 465 1694 tertia,
485 1627 556 1699 qua
578 1601 789 1677 sententia-a
816 1603 931 1677 Pilato
951 1621 1076 1677 contra
1099 1599 1275 1679 Christum
1299 1599 1351 1677 cst
1375 1627 1463 1700 pro.-

247 1702 428 1794 nuuciata,
446 1701 569 1797 sexta,
593 1722 662 1796 qua
677 1697 866 1777 crucifixus
891 1695 962 1787 est,
983 1716 1022 1773 et
1044 1720 1146 1789 noua,
1170 1698 1251 1789 seu,
1273 1718 1320 1805 εξ
1336 1695 1465 1774 nostro

239 1814 438 1890 computu,
470 1794 581 1884 sexta,
615 1815 728 1883 nona,
752 1792 976 1885 duodecima,
999 1810 1038 1866 et
1055 1790 1180 1886 tertia,
1211 1815 1255 1887 ex
1280 1812 1356 1892 urta
1378 1816 1461 1868 mo·

236 1888 375 1986 jnastica
399 1890 438 1966 iu
461 1887 632 1966 Ecclestas
652 1891 853 1975 nonnullam
876 1887 994 1986 utique
1017 1912 1087 1986 quo
1110 1908 1271 1986 tempore
1287 1887 1461 1965 conditae

238 1986 323 2061 'sunt
350 1986 496 2064 Constit.
522 1984 767 2098 Apostolicae,
791 2006 879 2083 quae
904 2007 1022 2061 earum
1043 1983 1279 2073 meminerunt
1296 1984 1318 2059 l.
1343 1982 1456 2061 VIII:

234 2110 240 2119 ·
268 2103 302 2172 4.
355 2081 397 2154 In
423 2084 483 2158 usu
511 2102 633 2179 utrque
658 2081 729 2154 hoc
751 2080 820 2155 sec.
847 2079 1140 2155 tantumfueruut
1155 2078 1193 2154 iu
1210 2076 1458 2183 monasteriis,

242 2104 508 2276 gabuetuutque
539 2177 670 2251 natalea
700 2173 826 2248 inillis
851 2172 1132 2272 Mesopotamiae
1162 2193 1197 2248 et
1221 2171 1458 2269 Palaestinae,

243 2270 333 2345 teste
368 2275 522 2349 Caiiiano
557 2268 714 2345 Institi.
740 2270 803 2343 111:
836 2270 894 2343 De
926 2268 1141 2345 monasteriis
1181 2266 1263 2345 iilud
1296 2267 1458 2362 constat,

234 2389 287 2440 ex
314 2369 411 2444 Basti.
437 2372 494 2444 M.
517 2369 645 2464 regulis
661 2362 865 2461 majoribus,
892 2363 1066 2462 Chrysost.
1089 2367 1189 2440 horn.
1215 2386 1269 2455 14.
1293 2363 1332 2438 iu
1349 2389 1383 2440 1.
1408 2366 1459 2442 ad

234 2462 432 2555 ·Tim0th.‚.
478 2464 631 2539 Caiiiano
657 2463 679 2536 l.
705 2484 735 2534 c.
778 2481 816 2533 et
846 2459 949 2535 aliia·
989 2460 1058 2534 Sed
1090 2461 1126 2534 in
1165 2458 1316 2534 Ecclesia
1346 2480 1458 2563 antea

241 2559 350 2631 muris
373 2583 443 2634 nuu
470 2554 776 2651 iuitfncquidem
801 2555 872 2628 hoc
896 2555 984 2646 sec,
1018 2554 1083 2630 nisi
1107 2557 1168 2631 hic
1192 2557 1276 2630 illic.
1318 2557 1457 2632 Memi-

230 2653 293 2724 nit
318 2653 460 2750 quidem
483 2653 646 2749 Cypriam.
673 2650 715 2722 dc
743 2653 840 2724 Orat.
868 2652 1140 2726 Detrimentum
1166 2652 1346 2740 horarum,
1388 2652 1453 2737 sed

228 2765 399 2844 tauquam
424 2746 566 2847 privatis
592 2744 752 2840 precibus
775 2743 1040 2835 destinatarum,
1075 2766 1114 2820 ut
1144 2766 1181 2821 et
1206 2748 1311 2822 Ciem.
1337 2747 1448 2822 Asex.

238 2844 368 2920 Strom.
394 2846 416 2919 l.
443 2845 545 2918 Vill.
578 2842 646 2914 Sed
669 2840 838 2936 Epiphan.
866 2845 887 2916 l.
907 2866 938 2917 c.
965 2843 1151 2916 matutinas
1166 2862 1299 2916 tanturn
1314 2863 1353 2915 et
1370 2843 1450 2917 ves·

226 2941 411 3034 pertines,
436 2959 596 3034 tanquam
614 2932 744 3032 publici
765 2934 860 3025 usus,
883 2937 1104 3026 memoravit.
1139 2935 1314 3037 Chrysost.
1344 2935 1449 3016 hum.

235 3034 418 3121 de'Anna,
444 3035 551 3108 trium
569 3051 721 3123 tanturn,
747 3037 908 3129 tanquam
926 3033 1320 3130 publicarumprccum,
1343 3042 1450 3121 meng-

233 3128 369 3202 tionem
385 3129 490 3222 facit,—
515 3131 731 3217 matutinae,
752 3127 972 3226 vespertinae
1000 3151 1038 3205 et
1061 3155 1182 3221 nortae,
1215 3150 1254 3203 ut
1277 3127 1447 3221 videtur,

224 3225 295 3297 ‘seu
329 3225 467 3298 tertiae·
487 3226 624 3299 nostrae
657 3225 941 3321 pomeridianae,
982 3251 1048 3320 qua
1081 3225 1241 3322 Christus⁵
1273 3225 1450 3305 introeo

222 3316 445 3414 exspiravit,
471 3336 508 3390 et
531 3321 653 3390 Petrus
675 3341 717 3391 ac
733 3319 908 3426 Johannca
931 3321 968 3392 in
986 3320 1444 3416 Templumascenderunt‘f:

220 3411 364 3509 artique
378 3412 469 3486 hanc
497 3410 617 3484 horam
650 3411 797 3508 pubhcis
815 3412 885 3507 jam
911 3413 1113 3509 destinatam
1136 3417 1236 3490 fuiffe
1258 3417 1447 3511 precibus,

220 3530 275 3583 ex
306 3530 385 3583 ean.
414 3518 496 3588 ravo
521 3506 721 3586 Laodicena
748 3526 853 3601 patet.
904 3511 1067 3585 Ceterum
1093 3512 1136 3586 de
1155 3512 1265 3586 -horis
1297 3513 1446 3595 canoni,-

220 3604 374 3701 cis31egi
402 3605 507 3678 etiam
522 3610 527 3617 '
543 3608 697 3677 merctur
718 3605 903 3696 Martene,
941 3610 978 3682 de
998 3613 1069 3681 anti
1089 3634 1131 3682 ua
1153 3605 1320 3702 Etciefiur
1343 3603 1449 3693 disci·

189 3787 192 3798 Ι
220 3694 315 3795 ptura·
342 3723 419 3793 cap.
445 3702 473 3775 1.
499 3717 591 3785 etc.²,
617 3717 654 3771 et
672 3722 755 3795 cap.
782 3701 885 3791 VJII.
911 3702 954 3776 de
977 3705 1045 3803 seq.
1069 3636 1203 3795 seculis.

217 3812 240 3859 ·ῖ
275 3795 310 3893 i.
331 3794 499 3871 CXXXI.
529 3795 669 3867 Praeter
683 3793 807 3871 feriam
822 3795 1034 3895 septimanae
1050 3819 1268 3896 quartam-et
1283 3798 1448 3899 sertum,

217 3892 369 3989 guibus,
411 3911 449 3967 ut
475 3906 594 3980 antea,
619 3889 690 3963 hoc
719 3916 856 3989 quoque
881 3894 946 3971 sec.
972 3894 1009 3968 in
1035 3920 1141 3972 unum
1176 3888 1443 3990 convenerunt,

225 3913 489 4085 sese'precibua
521 4000 569 4060 et'
592 3984 788 4080 psalmodiis
813 3990 918 4100 usque
952 3990 999 4065 ati
1022 3991 1143 4068 buram
1173 3992 1311 4067 tertiam
1334 4017 1443 4071 occu·

180 4100 335 4255 ‚patos⁸
351 4100 534 4184 tenentes,
554 4082 675 4171 etiam
692 4086 1264 4206 ‚touauucmteu,tque-Basti.
1278 4092 1347 4189 Μ.
1381 4116 1433 4285 ep

808 4244 833 4276 ι·
1034 4206 1037 4211 ’
1195 4217 1211 4295 .·
1230 4220 1260 4288 a
1281 4203 1449 4293 ‘irruat
