3008 4830
129 666 178 779 ii
371 697 373 700 ·
509 647 665 777 rasoria
681 646 956 784 senescaris.

133 823 287 954 r'edux',
310 825 493 961 postauam
523 845 753 942 Rhetoricam
785 826 970 943 adimere
1005 851 1144 964 tempus
1175 824 1353 941 docuisses

14 972 16 979 “
134 958 477 1049 Caesareae,·vrtam
501 958 672 1053 professus
700 962 751 1038 est
776 964 982 1051 asceticam,
1006 987 1026 1038 a
1053 976 1170 1037 sorore
1188 962 1353 1036 Macrim

132 1049 345 1152 potissimum
373 1050 574 1152 instigatus,
608 1053 665 1129 sed
688 1078 770 1131 ante
790 1060 986 1155 baptizatus
1009 1058 1195 1132 Caesareae
1224 1079 1246 1129 a
1271 1056 1353 1130 Dia·

134 1151 223 1240 nio,
246 1148 341 1221 urbis
366 1146 563 1247 Episcopo,
590 1151 686 1224 circa
711 1175 781 1226 arn.
807 1177 890 1250 357.
944 1152 1115 1226 Vrsrtavit
1131 1176 1235 1239 mox,
1262 1154 1353 1224 asce·

134 1245 233 1354 {icae
251 1245 352 1357 ³vitae
373 1242 487 1317 studio
511 1241 654 1356 dustuS,
688 1247 847 1323 Orientis
871 1267 909 1322 et
934 1249 1102 1346 AEgypti
1123 1243 1353 1356 monasteria,

134 1362 173 1509 ¹3}
200 1339 946 1539 iisiimiisaffifrsssss‚vissedi
964 1343 1353 1533 sisinius-155¹,

135 1530 294 1607 Domum
317 1530 445 1621 redux,
485 1531 588 1604 bonis
614 1534 784 1609 omnibus
807 1535 844 1610 in
874 1535 953 1630 pios
985 1537 1137 1635 erogatis
1154 1536 1268 1623 usus,
1313 1550 1353 1608 ut

133 1627 371 1704 Monasticam
393 1628 542 1723 degeret
564 1625 698 1721 vitam,
737 1630 870 1709 seceffit
896 1631 939 1704 ad
973 1630 1065 1727 ripas
1097 1628 1201 1704 iridis
1225 1626 1353 1728 fluvii,

133 1723 225 1803 haud
248 1721 372 1823 procul
401 1720 682 1817 Neo-caesarea,
716 1725 820 1822 juata
848 1726 992 1815 villam,
1034 1725 1163 1823 inqua
1184 1726 1353 1803 educam!

133 1839 209 1893 erat
239 1817 386 1929 abfavia
419 1817 590 1892 Macrine.
629 1820 760 1930 Eie'git
791 1842 908 1898 autem
944 1822 1055 1899 vitam
1086 1842 1173 1894 vere
1207 1816 1353 1918 quidem

135 1908 395 2002 Monastr'cani,
436 1913 496 1988 sed
527 1914 680 1992 mediam
705 1937 801 2005 ¹mter
832 1916 1080 2008 anachoretas,
1127 1917 1185 1991 seu
1211 1919 1334 2015 ἄζυμα

135 2029 174 2084 et
196 2009 390 2108 pradiicos,
406 1998 484 2084 seu
504 2016 668 2108 ptyadas,
710 2014 845 2111 qualem
873 2030 998 2087 tenent
1027 2013 1265 2102 eoenobirae,
1298 2030 1353 2107 u]

136 2121 185 2180 ex
211 2106 287 2202 ejus
310 2125 329 2177 r
377 2101 462 2197 ulis,
487 2126 524 2180 et
540 2107 726 2207 asceticis,
752 2167 754 2171 ,
781 2133 845 2186 uae
870 2106 1073 2205 supersunt,
1104 2127 1225 2205 patet:
1250 2109 1353 2205 cujus

162 2223 277 2299 uoque
302 2200 340 2275 in
372 2201 455 2275 ituti
488 2200 526 2278 in
551 2204 667 2279 Ponto
697 2222 735 2279 et
797 2204 990 2305 appadocia
1010 2224 1113 2283 autor
1144 2201 1196 2278 est
1218 2202 1353 2281 haben·

134 2225 210 2372 ius.
258 2295 464 2407 Composuit
477 2316 637 2396 quoque,
662 2299 745 2375 dum
762 2299 812 2375 ibi
831 2300 1052 2390 versabatur,
1077 2320 1239 2374 unacum
1259 2300 1354 2374 Gre-

135 2391 241 2495 gorio
264 2394 516 2484 Nazianzenus,
540 2392 775 2495 quiepistolis
790 2398 885 2496 ejus,
918 2417 1063 2495 quarum
1084 2417 1152 2469 una
1176 2392 1353 2493 superest,

134 2506 225 2592 ¹quae
249 2487 342 2564 vitae
365 2488 517 2563 delineat
539 2487 754 2582 institutum,
796 2488 970 2568 excitatus
1000 2489 1044 2565 ad
1067 2512 1147 2562 eum
1179 2489 1284 2563 venit
1315 2514 1353 2577 a,

136 2592 232 2689 35&
256 2584 491 2677 Piisocalr‘am,
516 2585 576 2659 seu
601 2586 848 2674 callesiiouem
874 2585 1053 2685 escriptis
1077 2585 1266 2687 Origenis,
1291 2606 1353 2664 va·

136 2678 274 2778 uiasque
299 2677 431 2778 scripsit
446 2679 638 2778 Epistulas.
738 2700 743 2707 “
1179 2702 1182 2706 “
1348 2700 1352 2773 ζ

136 2776 142 2786 ’
183 2771 217 2890 5.
243 2774 365 2852 XVII.
402 2775 545 2851 Deinde
576 2802 607 2855 a.
634 2798 717 2876 359.
748 2775 916 2853 aBasiiio
941 2777 1132 2877 Ancyrano
1166 2796 1204 2852 et
1225 2775 1353 2871 4Ῑίιιίὶι·1

136 2872 218 2951 thro
242 2871 431 2948 sebasteno
459 2892 647 2966 evocatus,
686 2895 766 2951 cum
802 2873 846 2949 iis
871 2872 1025 2951 tetendit
1050 2869 1353 2973 Constantinopo-

135 2968 211 3056 lin,
253 2991 294 3043 ac
318 2968 367 3056 in,
381 2966 620 3067 disputatione
643 2992 724 3048 cum
750 2969 926 3045 Eunomia
956 2986 994 3042 et
1023 2968 1163 3053 Arianis
1186 2968 1353 3058 secundas

134 3063 221 3154 tulit
245 3063 305 3140 rub
328 3064 520 3165 Ancyrano
552 3064 619 3165 Ep.
652 3064 804 3143 Biennio
837 3089 925 3143 vero
957 3061 1056 3163 post,
1097 3061 1169 3138 save
1202 3087 1232 3142 a.
1267 3073 1353 3165 3⁶1·

137 3158 281 3256 scripsit
299 3161 469 3258 Monada,
501 3180 573 3261 quo
596 3188 705 3262 opere
717 3164 829 3260 jussa,
853 3161 988 3246 vetita,
1020 3182 1066 3233 ex
1082 3159 1159 3234 Scri
1188 3181 1212 3235 t.
1229 3165 1288 3254 S.,
1313 3180 1353 3237 et

139 3254 222 3353 ipfis
247 3256 321 3350 eJ‘ns
345 3260 487 3353 verbis,
515 3259 559 3335 ad
584 3275 698 3330 certas
718 3257 858 3354 redegit
879 3254 1034 3364 regulas,
1067 3185 1250 3331 occasione
1274 3278 1353 3350 cor·¹

134 3351 179 3437 'ru
209 3346 315 3425 tionis
339 3366 377 3422 et
403 3348 520 3429 litium
545 3348 584 3425 in
601 3346 753 3424 Ecclefia
773 3349 1022 3449 grassantrum,
1063 3368 1103 3427 ut
1135 3352 1174 3425 in
1196 3355 1353 3447 prooemia

139 3463 177 3521 te
230 3462 296 3519 tur.
343 3442 425 3520 Post
446 3445 599 3551 primum
629 3445 700 3520 hoc
727 3446 801 3544 ejus
834 3467 922 3544 opus
949 3440 1085 3540 scripsit
1123 3469 1155 3527 a.
1181 3453 1263 3546 363.
1295 3451 1353 3531 vel

141 3545 247 3641 3⁶42
271 3556 311 3614 ut
328 3537 489 3632 videtur,
514 3542 621 3616 libros
647 3558 771 3618 contra
784 3537 996 3617 Eunomium
1014 3538 1205 3636 Asianum,
1229 3544 1353 3644 quibus

134 3662 158 3737 μ
181 3637 315 3732 alogiam
336 3636 411 3733 ejus
434 3636 621 3713 refutavit:
654 3636 699 3722 ad
724 3660 831 3736 quos,
875 3658 950 3710 non
974 3635 1038 3712 nisi
1062 3637 1123 3712 diu
1153 3642 1252 3741 post,
1293 3641 1353 3717 de.

133 3658 264 3837 ,sinsin
289 3733 361 3828 jam
383 3732 527 3825 nautio,
545 3731 733 3832 respondit
756 3732 962 3811 Eunomius.
1010 3734 1092 3906 (ἆυο
1115 3732 1191 3835 ipso
1210 3756 1353 3834 tempo·

138 3852 201 3920 re,
219 3826 280 3921 seu
302 3851 332 3902 a.
359 3834 441 3922 364.
466 3828 621 3926 Valente
640 3829 713 3927 jam
735 3829 959 3922 dominante,
984 3852 1025 3903 or
1049 3830 1164 3910 inatus
1186 3830 1240 3920 est
1255 3835 1353 3926 Pseu,-

136 3925 246 4025 byter
271 3921 521 4018 caesareensis,
563 3944 643 4000 cum
667 3923 883 4013 Arianismus
908 3923 1026 4000 denuo
1057 3949 1162 4025 caput
1197 3930 1353 4030 erigebat

133 4019 201 4113 ‘sub
221 4020 394 4115 Valente,
418 4022 471 4097 uti
496 4016 631 4109 indicat
649 4022 799 4123 Gregor.
823 4048 882 4124 ep.
910 4045 966 4101 11.
989 4021 1032 4096 ad
1048 4024 1216 4107 Basiliam.
1268 4028 1353 4104 Cum

140 4135 257 4225 autem
272 4113 468 4218 Episcopus
489 4119 625 4197 Caesar.
648 4116 843 4239 Eusepins,
877 4116 939 4220 qui
957 4137 1042 4197 tuuc
1056 4139 1153 4219 erat,
1180 4121 1353 4200 incertum

1295 4240 1353 4320 ‘iu‘
