3074 4838
146 650 225 742 eta
382 600 436 700 Σ
533 620 979 745 remanseramus

162 856 173 869 ·
194 820 237 995 ὶι
254 813 395 898 CCVI.
406 816 550 895 Praeter
566 817 674 895 libros
685 823 729 897 ab
747 817 973 921 Augustino,
988 832 1027 896 et
1041 813 1138 914 aliis,
1162 819 1381 900 concino:

152 946 196 1000 na
227 922 291 994 'tat
321 917 488 1013 scriptos,
513 934 551 988 et
575 916 797 1008 collationes,
821 917 907 1010 alia,
933 921 1041 1014 longe
1065 914 1284 1013 efficaciora,
1317 916 1376 994 led

52 1068 80 1092 ..
153 1017 269 1094 minus
291 1034 421 1109 aequa,
445 1011 531 1086 licet
555 1011 697 1102 usitata,
729 1012 879 1089 suntad
913 1037 977 1087 eor
1006 1014 1253 1107 reprimendos
1280 1013 1380 1091 aditi·

151 1113 228 1191 bita
250 1107 384 1196 media,
427 1126 567 1203 praeter
592 1108 755 1204 synodos
777 1108 912 1191 scilicet
937 1112 1034 1208 leget
1062 1109 1266 1204 inperiales.
1315 1111 1381 1184 Sic

155 1232 186 1285 a.
213 1228 294 1302 393.
321 1203 359 1279 itt
384 1203 530 1302 Synodo
554 1204 790 1300 Hipponense
812 1204 978 1282 statutum
1001 1199 1076 1294 est,
1104 1224 1145 1281 ut
1175 1207 1219 1283 ad
1252 1207 1381 1282 tecle·

156 1304 239 1380 stant
270 1297 399 1374 reversi
430 1304 467 1372 in
501 1300 691 1374 Laicorum
723 1297 862 1376 claliem
891 1300 1158 1396 redigerentur,
1196 1302 1383 1399 exceptis,

119 1436 121 1441 ·
179 1398 214 1472 ui
247 1417 320 1472 nott
355 1395 645 1492 baptizaverint,
687 1416 747 1469 aut
771 1417 851 1470 cum
894 1401 1043 1492 plebibus
1071 1394 1149 1491 sais
1190 1399 1379 1473 redierint.

153 1425 231 1600 Qui
256 1513 406 1568 canones
429 1491 626 1566 exstantia
651 1493 757 1567 cadica
782 1516 956 1567 canonum
982 1491 1157 1566 Ecclefiae
1191 1495 1380 1568 Romanae

156 1587 347 1696 Qoelirelli.
394 1590 577 1661 Praeterea
601 1608 630 1661 a.
658 1608 741 1682 397.
762 1588 800 1661 in
823 1590 978 1663 concilio
1004 1588 1205 1686 Carthagin.
1242 1591 1384 1665 vetitae

157 1688 236 1781 sunt
265 1685 549 1778 rebaptizationes
579 1696 612 1753 et
643 1686 907 1759 reordinationes.
953 1686 1005 1758 ¹Iu
1043 1681 1113 1757 alio
1151 1685 1226 1781 ejus
1269 1684 1383 1760 Urbis

154 1779 312 1878 concilio
336 1803 368 1855 a.
394 1800 484 1870 40¹·
509 1797 657 1877 praeter.
673 1779 741 1854 alia
774 1781 944 1856 sancitum
979 1777 1047 1865 est,
1079 1800 1159 1854 cum
1191 1779 1237 1856 iis
1267 1780 1380 1855 lenite

153 1876 228 1954 alie
250 1872 445 1974 agendum,¹
472 1871 510 1949 in
542 1875 660 1972 specie
696 1873 871 1970 Clericus,
903 1877 947 1953 ad
974 1873 1162 1950 Ecclesiam
1186 1877 1222 1950 sc
1250 1875 1379 1975 recipi·

155 1982 281 2064 elates,
312 1969 642 2070 Cleridignitatem
675 1969 746 2046 elie
774 1989 992 2047 retenturos:
1024 1970 1124 2066 cujus
1142 1972 1290 2059 decreti
1323 1994 1379 2047 ra·

155 2071 213 2146 tio
243 2092 265 2146 a
296 2065 474 2180 paucitate
497 2067 715 2142 Clericorum
741 2069 1008 2144 Catholicomm
1040 2090 1080 2140 re
1106 2067 1228 2144 etitur.
1277 2067 1380 2144 Reli·

153 2166 235 2282 quis
258 2165 384 2256 millis,
408 2162 450 2239 ad
473 2164 718 2260 [operatorum
742 2165 883 2239 decreta
909 2164 1031 2241 venio.
1079 2092 1251 2261 ssaptismi
1269 2165 1380 2239 itera·

154 2283 232 2356 tto,
259 2285 332 2338 nott
355 2277 490 2335 tantum
514 2258 575 2334 sub
599 2281 713 2352 poena
730 2260 1002 2358 proscriptionis
1026 2260 1219 2353 bonorum,
1249 2259 1299 2337 est
1324 2263 1376 2334 le·

154 2383 204 2462 ge
232 2355 386 2435 Honorii
410 2379 448 2433 a
479 2375 567 2448 405.
598 2356 732 2447 vetita,
772 2355 830 2432 sed
861 2374 900 2431 et
933 2353 1078 2431 Clericie
1110 2355 1377 2432 Donatistarum

152 2457 274 2534 natea
288 2452 529 2543 -at'traria,.1o
548 2450 709 2527 librarum
727 2452 823 2542 auri,
848 2451 900 2527 est
918 2450 1087 2550 inposita,
1117 2451 1224 2550 idque
1256 2453 1299 2529 ad
1323 2454 1381 2552 ip·

156 2552 244 2627 liut'-
261 2548 405 2626 concilii
435 2545 596 2622 Africani
631 2545 863 2641 petitionem,
894 2549 931 2623 in
965 2547 1380 2626 violentiis.Donatista·

152 2666 254 2735 rum,
277 2644 397 2720 verius
414 2640 761 2733 circumcellionum,
780 2644 971 2723 fundatam.
1004 2641 1161 2734 Deinde,
1176 2667 1281 2737 cum,
1304 2643 1380 2720 Sti·

154 2744 276 2822 licone
299 2757 464 2829 mortuo,
497 2737 660 2813 Gentiles
684 2760 723 2814 et
746 2739 931 2816 Haeretici
962 2739 1081 2814 denno
1110 2739 1230 2837 capita
1261 2741 1379 2839 erige·

153 2858 255 2932 rent,
278 2835 570 2938 praetendentes,
593 2835 690 2930 leges
708 2837 914 2932 iaperatore
937 2835 1050 2911 inscio
1063 2836 1149 2914 latas
1170 2835 1379 2914 aStilicone

152 2961 238 3017 eum
267 2935 343 3033 ejus
375 2949 493 3007 morte
515 2928 723 3021 evanuilie,
758 2932 854 3031 leget
887 2957 919 3008 a.
941 2939 1028 3024 408.
1061 2932 1105 3006 ab
1130 2932 1320 3022 Honorio,
1354 2955 1378 3010 a

153 3033 311 3112 Patribua
340 3026 519 3105 Africanis
547 3027 756 3116 concitato,
783 3048 916 3105 <contra
948 3050 1009 3102 eos
1050 3047 1241 3106 renovatae
1278 3027 1375 3104 sunt.

153 3127 324 3226 Denique
348 3147 380 3203 a.
396 3146 512 3218 410„
537 3123 663 3222 legatia
680 3125 723 3200 ad
740 3123 940 3201 Honorium
965 3121 1092 3212 millis,
1125 3124 1185 3221 qui
1217 3123 1261 3198 de
1291 3122 1379 3198 vio·

153 3223 274 3305 lentiis
289 3220 575 3313 Donatistarum,
608 3221 842 3332 aliommque,
874 3222 1030 3323 querelas
1043 3216 1244 3308 deferrent,
1269 3238 1310 3295 et
1324 3221 1381 3297 le·

147 3322 231 3425 ¹git,
261 3319 367 3417 paulo
397 3337 481 3392 ante
510 3316 549 3393 in
578 3314 738 3392 lavarem
770 3317 908 3394 illorum
939 3318 1049 3404 latae,
1080 3316 1378 3415 abrogationem,

155 3434 328 3498 necnon
360 3412 582 3487 collationem
617 3435 698 3488 cum
728 3412 925 3490 Donatistis
952 3427 1117 3510 peterent
1132 3450 1162 3499 ,·
1184 3430 1379 3513 utrumque

153 3517 377 3615 inpetrarunt
401 3507 564 3583 Africani
586 3508 769 3605 praesules.
818 3509 969 3584 Collatia
994 3507 1091 3582 enim
1124 3505 1247 3585 habita
1267 3507 1319 3583 est
1333 3533 1370 3586 a.

16 3618 18 3625 ’
153 3632 265 3705 ·411.,
289 3603 388 3702 cujus
410 3599 587 3679 historiam
610 3602 719 3678 modo
741 3601 843 3695 dedi,
875 3626 913 3680 et
936 3600 1151 3681 severiusxin
1173 3628 1237 3681 eor
1259 3602 1374 3679 insur-

150 3705 249 3786 rexit
272 3697 477 3801 Honoriut,
508 3700 588 3795 lege
615 3721 647 3774 a.
669 3721 755 3791 412.
808 3699 1000 3791 ublicata,
1034 3724 1079 3775 ua
1100 3699 1235 3795 septem
1258 3699 1374 3778 ratio·

149 3801 255 3884 nib'us
277 3820 402 3874 eorum
464 3792 683 3885 rvicaciam,
704 3813 744 3869 ut
769 3723 972 3885 icebatur,
1004 3721 1166 3892 Frangere
1197 3798 1375 3877 tentavit.

154 3927 188 3982 1.
212 3914 311 3974 metu
333 3895 404 3970 mul
462 3913 552 3984 e,e
597 3889 917 3967 contumationes
940 3890 1227 3990 procuratoribus
1247 3888 1287 3969 in
1310 3918 1378 3972 eoa

151 3991 347 4080 suscitatis,
377 4010 417 4064 ut
441 4015 503 4067 eos
534 3987 716 4100 detegant.
768 3987 1008 4065 Conduiiores
1040 3988 1275 4086 adpellantur,
1307 3988 1371 4096 qui

144 4097 269 4187 locum
289 4088 330 4169 iu
362 4084 485 4168 alente
509 4083 666 4190 praediis
696 4082 1022 4178 subministrabant,
1053 4104 1092 4164 tt
1122 4086 1227 4165 Sacra
1253 4081 1291 4158 in
1322 4082 1373 4162 ite

1221 4198 1377 4282 perage,
