3074 4838
46 36 52 425 Ι
1131 427 1137 437 ο

138 677 232 768 ²678
548 655 697 760 Historia
718 657 846 760 Eccles.
872 661 990 764 crrrss.

171 848 241 926 vix
271 833 487 936 adtingitur,
518 838 644 913 tradux
677 839 816 936 peccati
838 860 1012 939 negatur:
1033 836 1223 914 hominem
1247 835 1389 939 quidem

166 942 357 1020 :mortalem
380 931 481 1008 fuisse
499 956 655 1009 creatum
679 933 829 1027 dicitur,
852 939 1000 1024 sednon
1023 939 1253 1028 moriturum,
1275 935 1391 1012 sruun

167 1034 362 1141 peccasset,
404 1049 556 1105 mortem
582 1054 670 1105 vero
704 1031 873 1132 deinceps
906 1033 1007 1109 fuisse
1029 1032 1217 1131 inpositam
1258 1035 1296 1106 iu
1326 1033 1392 1104 bu·

171 1158 256 1213 uum
290 1123 462 1216 hominis,
501 1129 545 1201 ad
578 1126 842 1206 refraenandum
874 1127 1011 1226 peccati
1044 1131 1245 1220 licentiam,
1283 1145 1323 1202 et
1343 1146 1392 1200 ne

166 1246 349 1328 perpetuo
371 1243 556 1320 peccaret,
582 1223 758 1298 Adamunr
783 1226 935 1324 denique
958 1222 1060 1300 fuiffe
1084 1251 1105 1302 a
1130 1242 1283 1324 peccato
1301 1223 1389 1297 libe·

167 1344 310 1411 ratum,
335 1342 403 1392 nec
426 1317 582 1393 nocuilse
604 1319 761 1415 posteris.
1089 1378 1092 1383 -
1202 1410 1206 1415 Ι

192 1419 255 1518 s.
280 1416 444 1490 chvi.
476 1413 667 1501 Theodorum
690 1415 970 1513 Mopsurstrnum,
1011 1417 1108 1514 cujus
1138 1417 1254 1493 vitam
1287 1416 1392 1512 supra

175 1515 237 1592 l‘uo
263 1516 343 1586 locu
367 1510 550 1606 descripsi,
586 1511 700 1586 facem
726 1537 864 1609 quoque
897 1511 1145 1611 Pelagianismo
1169 1512 1390 1610 praetulisse,

176 1610 335 1699 Doslos,
375 1628 457 1681 ante
481 1606 662 1680 Nurisrum
688 1629 731 1681 et
757 1609 988 1699 Garnerium,
1029 1611 1152 1699 latuit3
1190 1610 1240 1684 illi
1271 1631 1393 1682 autem

171 1703 348 1784 duumviri
382 1702 538 1776 Marium
565 1705 804 1778 Mercatorem
829 1706 867 1776 in
898 1706 1012 1782 lucem
1045 1728 1312 1802 protraxerunt,
1354 1721 1395 1780 et

175 1828 223 1877 ex
251 1797 436 1876 Theodori
460 1798 660 1896 excerptis,
697 1799 792 1897 apud
815 1798 926 1897 ipsum
954 1803 1084 1890 obviis,
1122 1802 1204 1876 illud
1235 1803 1391 1878 luculen-

178 1918 234 1972 ter
259 1892 548 1970 demonstrarunt.
598 1897 699 1969 Patet
729 1913 846 1971 autern
882 1920 927 1971 ex
956 1896 1023 1972 illis
1047 1898 1247 1995 excerptis,
1287 1898 1389 1969 The·

177 1994 325 2067 odorum
359 1990 397 2063 in
426 1988 548 2085 primis
580 2011 729 2065 mortem
759 1995 985 2089 temporalem
1020 2014 1086 2092 pro
1128 1995 1263 2090 sequela
1289 2014 1392 2066 uatu-

176 2114 236 2165 rae
260 2086 433 2175 habuisse,
475 2087 524 2160 ita
557 2105 695 2174 tamen,
737 2109 776 2161 ut
809 2089 921 2162 Adam
954 2113 1026 2163 non
1060 2089 1118 2163 nisr
1150 2089 1229 2187 post
1259 2089 1392 2184 lapsum

176 2186 259 2262 adiu
275 2201 474 2257 moreretur
492 2237 502 2272 ,
529 2183 615 2256 srcur
633 2182 812 2257 Ruffinum
830 2185 936 2258 modo
957 2186 1110 2258 vidimus
1128 2190 1164 2260 in
1188 2187 1290 2257 libello
1305 2187 1394 2278 fidei

174 2280 348 2357 statuisse:
383 2297 609 2374 argumento,
642 2280 737 2352 hunc
762 2283 804 2353 ab
829 2280 889 2353 illo
920 2282 1002 2353 illud
1029 2281 1182 2357 hausisse.
1234 2284 1391 2355 Demon-

175 2377 302 2454 stratur
329 2393 446 2448 autern
472 2375 565 2448 inter
595 2371 658 2448 alia
689 2397 734 2449 ex
758 2399 823 2467 e0,
863 2378 943 2471 quod
970 2377 1079 2471 pulvis
1100 2380 1250 2468 dicatur,
1287 2397 1320 2449 rr
1354 2382 1392 2452 in

170 2477 335 2571 pulverem
356 2473 537 2569 redr'rurur.⁴
578 2469 826 2545 interminatio
852 2493 989 2559 autem,
1022 2492 1121 2548 morte
1143 2475 1309 2562 morieris,
1345 2476 1391 2548 de

159 2590 293 2651 ,morte
320 2567 472 2639 violenta
497 2567 653 2662 capitur,
679 2566 883 2640 hominibus
901 2568 1104 2658 inferenda,
1129 2593 1200 2643 non
1224 2573 1271 2644 de
1294 2594 1390 2643 mor·

174 2667 333 2750 talitate,
368 2659 425 2733 sed
450 2663 542 2756 quod
566 2660 664 2755 digni
687 2659 817 2751 effert,
848 2663 905 2760 qui
939 2664 1062 2738 mortis
1085 2667 1296 2740 sententiam
1326 2689 1390 2763 per

174 2755 477 2855 transgressionem
512 2755 687 2848 subirent,
730 2759 846 2833 Deum
872 2778 988 2834 autem
1024 2784 1089 2855 pro
1119 2761 1216 2837 solita
1248 2765 1306 2836 sua
1332 2767 1394 2836 be·

181 2857 355 2954 nignitate
387 2848 551 2926 distulisse
584 2876 658 2926 eam
684 2853 903 2931 sententiam.
950 2858 1127 2955 Rejicitur
1151 2881 1277 2954 porro,
1311 2879 1391 2932 tan·

173 2977 278 3055 quam
305 2948 392 3047 quid
416 2949 502 3022 novi
528 2968 565 3021 et
588 2950 741 3040 absurdi,
765 2972 910 3047 propter
935 2954 1061 3028 Adami
1087 2977 1193 3028 unum
1220 2951 1391 3029 delislum

165 3048 320 3127 -eunstos
345 3045 499 3119 nondum
515 3063 614 3118 natos
641 3045 801 3122 homines
825 3066 939 3123 morte
964 3049 1145 3139 mulctari3
1170 3051 1265 3125 disio
1281 3051 1392 3126 etiam

164 3144 246 3221 ·Dei
271 3144 333 3218 ΕΖ.
361 3142 501 3216 XVIII.
526 3142 763 3234 contrarium,
795 3162 832 3217 et
852 3144 989 3239 judicio
1014 3147 1158 3238 ultimo,
1192 3172 1263 3243 quo
1281 3171 1392 3244 prop·

161 3261 228 3316 rer
251 3238 395 3336 propria
412 3257 557 3332 peccatu
578 3238 832 3314 damnabuntur
846 3241 1026 3332 homines,
1050 3261 1119 3317 etc.
1169 3244 1273 3318 Patet
1288 3268 1395 3340 prae·

169 3357 269 3414 terea
291 3355 337 3407 ex
359 3333 425 3408 illis
449 3336 642 3429 excerptis,
668 3336 900 3411 Theodorum
915 3360 993 3411 curn
1014 3339 1171 3436 Origene
1193 3363 1392 3436 poenarum

168 3428 415 3512 aeternitatem
442 3429 601 3526 negasse,
640 3448 679 3503 et
712 3430 887 3508 Adamum
911 3434 1078 3510 censuisse
1109 3434 1170 3509 sex
1192 3436 1290 3510 horis
1313 3456 1395 3513 tan·

169 3553 248 3608 tum
281 3526 319 3600 in
355 3522 442 3598 statu
481 3522 692 3621 integritatis
724 3524 834 3603 suilie.
883 3529 994 3605 Hisce
1017 3530 1179 3621 addatur,
1218 3533 1394 3610 Plautium

169 3628 208 3705 in
232 3621 399 3698 Biblioth.
433 3623 513 3696 cod.
543 3646 623 3718 177.
650 3643 843 3698 memorare
877 3626 1061 3702 Theodori
1087 3626 1390 3722 disputationem,

167 3725 230 3799 sex
258 3720 351 3797 libris
373 3718 683 3812 comprehensam,
723 3738 834 3793 contra
858 3719 1064 3814 adferentes,
1099 3725 1236 3797 ltonrines
1258 3738 1393 3803 natura

162 3839 326 3919 peccare,
351 3840 411 3889 non
437 3815 610 3890 voluntate.
660 3813 795 3919 Quibus
811 3816 906 3892 libris
921 3843 992 3892 non
1011 3820 1095 3896 illud
1111 3837 1241 3893 tantum
1256 3816 1394 3922 inpug*

168 3935 251 4004 nat,
273 3914 333 3988 sed
359 3931 537 4004 praeterea
555 3912 620 3987 alia
639 3912 823 4006 dogmata,
849 3915 921 4004 uti,
945 3916 1100 3992 infantes
1122 3917 1168 3990 ob
1183 3916 1287 3993 Adae
1303 3942 1392 4013 pec·

165 4033 281 4092 catum
306 4007 457 4082 infedlos
481 4006 550 4083 effe
576 4010 748 4104 peccatis,
780 4012 824 4085 ab
850 4032 894 4082 eo
917 4012 1014 4087 enim
1039 4032 1198 4088 naturam
1220 4011 1392 4113 peccatri-

164 4134 247 4193 «ιιι
267 4104 479 4210 propagari:
503 4106 682 4193 nemiuem
705 4105 906 4185 mortalium
929 4109 998 4189 elle
1016 4109 1171 4208 justum,
1204 4135 1251 4190 ue
1271 4105 1391 4185 Chris·

154 4226 157 4231 ·
201 4260 209 4275 ,
645 4254 652 4267 .
689 4254 694 4263 .
743 4238 775 4269 z
1152 4254 1157 4266 ·
1313 4223 1399 4284 tum
