3008 4830
371 521 378 551 i

487 744 492 755 .
619 671 729 779 decul-
761 672 827 753 VI.
907 692 918 749 ’.
1244 690 1323 770 717

98 843 138 927 in
161 845 170 862 ’
234 851 316 929 tiam
351 849 420 929 hac
443 849 582 927 ratione
596 864 693 928 'cum
716 849 872 926 Ecclefia
895 845 1079 925 Catholica
1102 845 1318 938 adduceret,

101 964 141 1018 et
217 949 339 1024 clefiae
369 970 493 1044 pacem
520 947 708 1038 redderet,
747 950 871 1037 adero,
911 966 951 1021 ut
979 940 1203 1021 Nestorianir
1226 966 1320 1021 arma

102 1040 278 1141 eriperet,
309 1043 431 1142 quibur
458 1041 494 1117 se
525 1043 598 1118 hoc
621 1042 737 1118 seculo
762 1047 960 1118 tuebantur.
1009 1041 1185 1140 Acephali
1208 1040 1315 1116 nimi·

99 1159 181 1211 rutn
204 1161 308 1234 aegre
331 1139 514 1231 ferebant,
538 1140 627 1213 haec
650 1163 773 1215 eorum
789 1138 943 1214 virorum
961 1135 1111 1236 scripta,
1134 1134 1319 1233 Nestoriu-

102 1230 252 1308 nismum
273 1233 458 1332 spirantia,
482 1256 554 1310 non
569 1232 672 1309 fuiss'e
693 1259 715 1311 a
735 1234 891 1311 concilio
908 1233 1195 1309 Chalcedonense
1219 1235 1315 1309 dam·

106 1347 207 1419 nata,
236 1329 311 1406 imo
333 1329 473 1409 filentio
495 1329 751 1428 praetermiffa,
783 1332 965 1406 autoribus
988 1353 1129 1440 qnoque
1153 1328 1318 1419 laudarit,

101 1442 142 1497 et
165 1425 205 1498 in
226 1427 510 1504 communionem
535 1424 712 1524 receptio:
737 1425 849 1516 unde,
874 1425 956 1501 illud
980 1425 1172 1500 concuium
1196 1425 1319 1503 favere

104 1517 406 1614 Nestorianismo,
429 1524 519 1597 colle
544 1541 660 1597 erunt.
706 1520 913 1598 Nestoriani
937 1544 1047 1611 vero,
1069 1542 1171 1612 cum,
1202 1522 1241 1597 in
1269 1522 1319 1595 E·

102 1613 245 1710 phefina
271 1616 415 1716 Synodo
435 1615 473 1693 in
538 1614 665 1692 estorio
687 1616 861 1709 damnati,
899 1640 955 1692 ren
989 1617 1063 1694 suas
1096 1617 1319 1692 eonomine

103 1711 140 1785 se
162 1713 310 1811 amplior
337 1734 443 1811 agere
465 1735 538 1790 non
565 1712 662 1811 poue
687 1710 869 1822 viderent,
901 1711 965 1790 alia
988 1711 1133 1883 adfeffi
1157 1710 1235 1789 sunt
1257 1711 1318 1790 via

11 1830 15 1835 ’
101 1806 230 1883 sedium
255 1831 487 1906 promovere,
519 1807 739 1906 perscripta
766 1807 898 1885 scilicet
913 1808 996 1883 The
1046 1807 1118 1900 ori,
1145 1806 1318 1882 Theodo-

104 1902 196 1995 reti,
222 1922 261 1979 et
283 1900 388 1997 Ibae,
411 1905 687 1996 contendentes,
713 1928 776 1979 eor
800 1905 838 1979 in
862 1903 1013 1980 concilio
1038 1903 1322 1980 chalcedonense

104 1997 361 2088 effelaudatnt,
408 2002 551 2079 Interea
573 2023 658 2076 vera
680 2000 797 2088 causa,
822 2023 910 2098 quae
938 2000 1172 2076 Theodorum
1193 1999 1318 2079 incita·

103 2092 179 2187 vit,
210 2097 316 2196 longe
337 2095 404 2175 alia
432 2095 520 2187 fuit,
557 2116 597 2170 ut
622 2096 830 2205 Origenistir
852 2094 1090 2193 patrocinium
1112 2097 1320 2205 praeberet,

104 2191 165 2265 vel
192 2190 313 2268 saltem
337 2214 458 2268 eorum
481 2192 687 2267 adversariis
701 2215 799 2269 vrces
821 2190 1042 2289 rependeret
1094 2190 1320 2288 Origenrstae

103 2286 244 2365 anima
269 2287 465 2367 Theodoro
483 2286 679 2399 Mopsuest
703 2311 776 2364 non
799 2306 933 2362 tantum
951 2305 1052 2363 erant
1066 2285 1234 2379 refutati,
1258 2287 1320 2362 sed

103 2399 144 2458 et
164 2382 236 2458 hoc
257 2403 419 2482 tempore
442 2381 695 2480 aJustmiano,
719 2408 790 2496 ope
808 2383 962 2480 Pelagii,
988 2381 1144 2459 Diaconi
1161 2400 1204 2469 ‚et
1217 2382 1320 2482 Apo·

106 2477 249 2555 tristarii
271 2478 455 2555 Romanae
476 2477 584 2570 sedit,
608 2481 778 2555 dannan:
803 2501 843 2554 nt
861 2501 945 2555 mox
967 2481 1128 2558 narrabo.

151 2572 185 2672 ᾖ.
209 2575 452 2653 CCLXXXV.
483 2573 716 2672 Justinianut,
740 2572 795 2652 hir
819 2575 1013 2654 rationibus
1034 2596 1189 2670 motor„
1204 2574 1319 2655 maxi·

102 2692 185 2764 me,
207 2671 303 2767 quod
326 2670 526 2769 Acephalos
547 2673 591 2747 ad
615 2671 802 2749 Ecclefiam
826 2676 994 2751 reducere
1018 2672 1054 2749 ie
1072 2673 1176 2772 poue
1202 2673 1318 2772 spera·

101 2766 352 2939 {datedtm
365 2763 825 2962 auditiauditi
841 2766 1319 2962 detinendae·
1451 2879 1454 2885 ,

90 2910 97 2920 .
320 2916 334 2955 ‚
801 2920 810 2940 ‚
891 2914 902 2936 ,
1301 2905 1319 2923 .

102 2977 174 3035 rum
197 2983 229 3035 a
252 2980 360 3052 544„
383 2957 477 3056 qnod
499 2983 573 3036 non
587 2956 760 3055 iirperest,
785 2960 884 3037 secus
905 2984 948 3037 ae
972 2959 1159 3049 Batonius,
1185 2957 1321 3055 etpost
1466 2974 1469 2981 ·

87 3055 217 3151 'ipiirm
240 3053 320 3146 alii,
337 3074 474 3151 putant.
521 3055 685 3148 Deinde,
710 3055 790 3154 post
803 3057 1018 3154 publicatum
1036 3080 1055 3129 a
1073 3054 1213 3151 Vigilio
1229 3077 1317 3143 con·

86 3169 162 3282 'tra
190 3151 260 3320 tari?
280 3150 431 3325 carpiffia
445 3153 674 3324 Judicugumgd
693 3173 730 3322 est
740 3154 919 3324 tiisttettjts,d
941 3154 985 3227 ab
1009 3154 1212 3321 Inpemffgss
1236 3175 1320 3249 qun·
1439 3278 1442 3283 1

88 3268 1321 3455 uineatt,autenmtintueantur

56 3532 58 3536 Ι
106 3452 175 3546 tum
196 3461 228 3512 a.
251 3460 356 3530 551„
379 3462 399 3527 a
420 3443 572 3515 Baronro
591 3442 675 3517 hcet
698 3443 740 3517 ad
765 3466 796 3519 a.
817 3461 899 3534 547.
924 3439 1152 3530 recensitum,
1178 3459 1213 3513 ut
1236 3438 1318 3512 No·

106 3532 438 3609 rrsruademonstrat
460 3536 482 3648 l:
505 3537 569 3611 cit.
602 3558 634 3609 c.
661 3538 789 3648 5.,·in
813 3560 884 3633 quo
917 3534 1130 3633 Justinianne
1155 3536 1321 3628 dogmata

87 3629 253 3801 rufa
269 3632 1321 3834 tttrtaudtttutta{tutante

109 3820 465 3897 traNestorianos'et
481 3823 745 3921 Eutychianos3
768 3824 1003 3920 deniquetria
1021 3820 1078 3894 uda
1092 3822 1243 3916 caprtul'a
1258 3820 1322 3896 sub
1380 3908 1383 3913 .

107 3916 326 3993 anathemate
356 3919 515 4006 damnat,
554 3937 591 3992 et
615 3942 735 3994 eorurn
759 3919 958 3994 defensores
983 3915 1133 3999 refutat,
1176 3940 1220 3991 ex
1244 3918 1320 3990 Au·

108 4012 250 4111 gossino
273 4016 443 4109 probans,
484 4012 667 4090 defundios
698 4016 735 4091 in
760 4013 1007 4090 communione
1031 4010 1204 4088 nectente
1228 4013 1324 4087 dam·

105 4109 182 4187 nari
198 4109 309 4208 poffe.
357 4107 479 4189 Exstat
503 4110 609 4187 etianr
626 4110 717 4282 2iglnd
742 4110 896 4190 edictum
920 4109 957 4184 in
980 4106 1160 4193 Chronico
1178 4108 1321 4283 Paschff

669 4230 805 4305 xxxa
1312 4257 1324 4278 .

1393 4316 1432 4546 d
