<?xml version="1.0" encoding="UTF-8"?>
<!DOCTYPE html PUBLIC "-//W3C//DTD XHTML 1.0 Transitional//EN"
    "http://www.w3.org/TR/xhtml1/DTD/xhtml1-transitional.dtd">
<html xmlns="http://www.w3.org/1999/xhtml" xml:lang="en" lang="en">
 <head>
  <title>
</title>
<meta http-equiv="Content-Type" content="text/html;charset=utf-8" />
  <meta name='ocr-system' content='tesseract 3.04.00' />
  <meta name='ocr-capabilities' content='ocr_page ocr_carea ocr_par ocr_line ocrx_word'/>
</head>
<body>
  <div class='ocr_page' id='page_1' title='image "./hermannivenemai02venegoog_0453.png"; bbox 0 0 3074 4838; ppageno 0'>
   <div class='ocr_carea' id='block_1_1' title="bbox 67 638 1000 780">
    <p class='ocr_par' dir='ltr' id='par_1_1' title="bbox 67 638 1000 780">
     <span class='ocr_line' id='line_1_1' title="bbox 67 638 1000 780; baseline -0.038 3"><span class='ocrx_word' id='word_1_1' title='bbox 67 638 80 664; x_wconf 56' lang='lat'><strong><em>⁷</em></strong></span> <span class='ocrx_word' id='word_1_2' title='bbox 145 684 226 780; x_wconf 73' lang='lat' dir='ltr'>aso</span> <span class='ocrx_word' id='word_1_3' title='bbox 532 670 835 778; x_wconf 59' lang='lat' dir='ltr'>attentamus.</span> <span class='ocrx_word' id='word_1_4' title='bbox 862 671 1000 778; x_wconf 64' lang='lat' dir='ltr'>carna:</span> 
     </span>
    </p>
   </div>
   <div class='ocr_carea' id='block_1_2' title="bbox 27 850 1421 4239">
    <p class='ocr_par' dir='ltr' id='par_1_2' title="bbox 148 850 1384 1831">
     <span class='ocr_line' id='line_1_2' title="bbox 152 850 1384 961; baseline -0.001 -23"><span class='ocrx_word' id='word_1_5' title='bbox 152 850 224 961; x_wconf 79' lang='lat' dir='ltr'>iog.</span> <span class='ocrx_word' id='word_1_6' title='bbox 252 883 289 959; x_wconf 87' lang='lat' dir='ltr'>p.</span> <span class='ocrx_word' id='word_1_7' title='bbox 312 859 378 933; x_wconf 84' lang='lat'>111.</span> <span class='ocrx_word' id='word_1_8' title='bbox 401 873 441 932; x_wconf 90' lang='lat' dir='ltr'>et</span> <span class='ocrx_word' id='word_1_9' title='bbox 456 852 646 952; x_wconf 72' lang='lat' dir='ltr'>&#39;Dupiniiu</span> <span class='ocrx_word' id='word_1_10' title='bbox 675 853 806 952; x_wconf 84' lang='lat' dir='ltr'><strong>discipl.</strong></span> <span class='ocrx_word' id='word_1_11' title='bbox 830 853 964 931; x_wconf 72' lang='lat' dir='ltr'>nectes.</span> <span class='ocrx_word' id='word_1_12' title='bbox 990 851 1068 932; x_wconf 83' lang='lat' dir='ltr'>diff.</span> <span class='ocrx_word' id='word_1_13' title='bbox 1091 853 1139 933; x_wconf 86' lang='lat' dir='ltr'>Is.</span> <span class='ocrx_word' id='word_1_14' title='bbox 1194 855 1254 930; x_wconf 86' lang='lat' dir='ltr'>Ad</span> <span class='ocrx_word' id='word_1_15' title='bbox 1279 860 1384 936; x_wconf 76' lang='lat' dir='ltr'>Iuno·</span> 
     </span>
     <span class='ocr_line' id='line_1_3' title="bbox 149 950 1382 1052; baseline 0.001 -19"><span class='ocrx_word' id='word_1_16' title='bbox 149 958 311 1034; x_wconf 74' lang='lat' dir='ltr'>centium</span> <span class='ocrx_word' id='word_1_17' title='bbox 349 956 478 1050; x_wconf 83' lang='lat' dir='ltr'>Papam</span> <span class='ocrx_word' id='word_1_18' title='bbox 500 972 582 1027; x_wconf 88' lang='lat' dir='ltr'>curn</span> <span class='ocrx_word' id='word_1_19' title='bbox 605 950 832 1049; x_wconf 87' lang='lat' dir='ltr'>provocasset</span> <span class='ocrx_word' id='word_1_20' title='bbox 859 950 1050 1045; x_wconf 78' lang='lat' dir='ltr'>celestius,</span> <span class='ocrx_word' id='word_1_21' title='bbox 1082 954 1313 1052; x_wconf 75' lang='lat' dir='ltr'>Pelagianos,</span> <span class='ocrx_word' id='word_1_22' title='bbox 1348 978 1382 1033; x_wconf 77' lang='lat' dir='ltr'>a.</span> 
     </span>
     <span class='ocr_line' id='line_1_4' title="bbox 157 1048 1381 1146; baseline -0.001 -17"><span class='ocrx_word' id='word_1_23' title='bbox 157 1071 267 1145; x_wconf 64' lang='lat'>412„</span> <span class='ocrx_word' id='word_1_24' title='bbox 289 1048 471 1138; x_wconf 81' lang='lat' dir='ltr'>Africani,</span> <span class='ocrx_word' id='word_1_25' title='bbox 495 1049 660 1146; x_wconf 84' lang='lat' dir='ltr'>quicum</span> <span class='ocrx_word' id='word_1_26' title='bbox 688 1049 1033 1140; x_wconf 85' lang='lat' dir='ltr'>condemnaverant,</span> <span class='ocrx_word' id='word_1_27' title='bbox 1072 1050 1109 1124; x_wconf 89' lang='lat' dir='ltr'>id</span> <span class='ocrx_word' id='word_1_28' title='bbox 1133 1050 1248 1125; x_wconf 88' lang='lat' dir='ltr'>flocci</span> <span class='ocrx_word' id='word_1_29' title='bbox 1285 1051 1381 1129; x_wconf 75' lang='lat' dir='ltr'>sece-</span> 
     </span>
     <span class='ocr_line' id='line_1_5' title="bbox 152 1141 1382 1245; baseline -0.001 -21"><span class='ocrx_word' id='word_1_30' title='bbox 152 1166 255 1240; x_wconf 82' lang='lat' dir='ltr'>runt,</span> <span class='ocrx_word' id='word_1_31' title='bbox 295 1165 364 1222; x_wconf 85' lang='lat' dir='ltr'>uec</span> <span class='ocrx_word' id='word_1_32' title='bbox 398 1141 534 1221; x_wconf 84' lang='lat' dir='ltr'>cunstat</span> <span class='ocrx_word' id='word_1_33' title='bbox 565 1144 745 1222; x_wconf 82' lang='lat' dir='ltr'>admissam</span> <span class='ocrx_word' id='word_1_34' title='bbox 776 1144 877 1219; x_wconf 79' lang='lat' dir='ltr'>foisse</span> <span class='ocrx_word' id='word_1_35' title='bbox 895 1159 930 1220; x_wconf 83' lang='lat' dir='ltr'>&#39;a</span> <span class='ocrx_word' id='word_1_36' title='bbox 963 1148 1055 1242; x_wconf 84' lang='lat' dir='ltr'>Papa</span> <span class='ocrx_word' id='word_1_37' title='bbox 1091 1148 1382 1245; x_wconf 81' lang='lat' dir='ltr'>adpellationem:</span> 
     </span>
     <span class='ocr_line' id='line_1_6' title="bbox 148 1240 1383 1351; baseline 0.001 -31"><span class='ocrx_word' id='word_1_38' title='bbox 148 1262 233 1320; x_wconf 81' lang='lat' dir='ltr'>cum</span> <span class='ocrx_word' id='word_1_39' title='bbox 258 1264 350 1319; x_wconf 82' lang='lat' dir='ltr'>vcro</span> <span class='ocrx_word' id='word_1_40' title='bbox 379 1240 567 1335; x_wconf 71' lang='grc' dir='ltr'><strong>Ζοκίωιη,</strong></span> <span class='ocrx_word' id='word_1_41' title='bbox 590 1242 665 1340; x_wconf 84' lang='lat' dir='ltr'>ejut</span> <span class='ocrx_word' id='word_1_42' title='bbox 690 1243 883 1351; x_wconf 75' lang='lat' dir='ltr'>successor,</span> <span class='ocrx_word' id='word_1_43' title='bbox 917 1240 1126 1339; x_wconf 85' lang='lat' dir='ltr'>recepisset,</span> <span class='ocrx_word' id='word_1_44' title='bbox 1158 1242 1321 1319; x_wconf 83' lang='lat' dir='ltr'>Africani</span> <span class='ocrx_word' id='word_1_45' title='bbox 1347 1242 1383 1321; x_wconf 72' lang='lat' dir='ltr'>st</span> 
     </span>
     <span class='ocr_line' id='line_1_7' title="bbox 150 1334 1377 1546; baseline 0.002 -34"><span class='ocrx_word' id='word_1_46' title='bbox 150 1339 483 1513; x_wconf 54' lang='lat' dir='ltr'>dissidas</span> <span class='ocrx_word' id='word_1_47' title='bbox 501 1334 1377 1546; x_wconf 47' lang='lat' dir='ltr'>§retractarentur’catenatae</span> 
     </span>
     <span class='ocr_line' id='line_1_8' title="bbox 151 1531 1372 1641; baseline -0.002 -33"><span class='ocrx_word' id='word_1_48' title='bbox 151 1532 187 1608; x_wconf 84' lang='lat' dir='ltr'>sa</span> <span class='ocrx_word' id='word_1_49' title='bbox 210 1533 348 1632; x_wconf 86' lang='lat' dir='ltr'>Apiarsi</span> <span class='ocrx_word' id='word_1_50' title='bbox 371 1531 590 1640; x_wconf 78' lang='lat' dir='ltr'>presbyteri,</span> <span class='ocrx_word' id='word_1_51' title='bbox 616 1533 658 1603; x_wconf 86' lang='lat' dir='ltr'>ab</span> <span class='ocrx_word' id='word_1_52' title='bbox 678 1533 848 1641; x_wconf 76' lang='lat' dir='ltr'>Urbano,</span> <span class='ocrx_word' id='word_1_53' title='bbox 874 1532 1026 1605; x_wconf 76' lang='lat' dir='ltr'>Siccensi</span> <span class='ocrx_word' id='word_1_54' title='bbox 1043 1532 1243 1641; x_wconf 77' lang='lat' dir='ltr'>Episcopo,</span> <span class='ocrx_word' id='word_1_55' title='bbox 1267 1532 1372 1630; x_wconf 83' lang='lat' dir='ltr'>depo·</span> 
     </span>
     <span class='ocr_line' id='line_1_9' title="bbox 155 1624 1373 1724; baseline -0.001 -22"><span class='ocrx_word' id='word_1_56' title='bbox 155 1626 233 1719; x_wconf 85' lang='lat' dir='ltr'>siti,</span> <span class='ocrx_word' id='word_1_57' title='bbox 251 1629 347 1702; x_wconf 84' lang='lat' dir='ltr'>etad</span> <span class='ocrx_word' id='word_1_58' title='bbox 365 1627 552 1700; x_wconf 85' lang='lat' dir='ltr'>Zozrmum</span> <span class='ocrx_word' id='word_1_59' title='bbox 569 1625 796 1720; x_wconf 78' lang='lat' dir='ltr'>adpellantrc,</span> <span class='ocrx_word' id='word_1_60' title='bbox 814 1649 856 1702; x_wconf 91' lang='lat' dir='ltr'>ac</span> <span class='ocrx_word' id='word_1_61' title='bbox 872 1627 943 1701; x_wconf 90' lang='lat' dir='ltr'>abi</span> <span class='ocrx_word' id='word_1_62' title='bbox 972 1629 1010 1701; x_wconf 93' lang='lat' dir='ltr'>so</span> <span class='ocrx_word' id='word_1_63' title='bbox 1024 1649 1171 1724; x_wconf 83' lang='lat' dir='ltr'>recepta.</span> <span class='ocrx_word' id='word_1_64' title='bbox 1189 1624 1373 1719; x_wconf 78' lang='lat' dir='ltr'>Zozimuc,</span> 
     </span>
     <span class='ocr_line' id='line_1_10' title="bbox 158 1651 1369 1831; baseline 0.001 -35"><span class='ocrx_word' id='word_1_65' title='bbox 158 1724 301 1821; x_wconf 86' lang='lat' dir='ltr'>ejusque</span> <span class='ocrx_word' id='word_1_66' title='bbox 327 1718 539 1797; x_wconf 82' lang='lat' dir='ltr'>soccessores</span> <span class='ocrx_word' id='word_1_67' title='bbox 554 1722 758 1831; x_wconf 83' lang='lat' dir='ltr'>Bonisacius</span> <span class='ocrx_word' id='word_1_68' title='bbox 775 1742 814 1797; x_wconf 91' lang='lat' dir='ltr'>et</span> <span class='ocrx_word' id='word_1_69' title='bbox 831 1651 1064 1814; x_wconf 71' lang='lat' dir='ltr'>eaetedinus,</span> <span class='ocrx_word' id='word_1_70' title='bbox 1089 1727 1182 1798; x_wconf 91' lang='lat' dir='ltr'>hanc</span> <span class='ocrx_word' id='word_1_71' title='bbox 1199 1722 1265 1798; x_wconf 82' lang='lat' dir='ltr'>fibi</span> <span class='ocrx_word' id='word_1_72' title='bbox 1280 1747 1369 1798; x_wconf 80' lang='lat' dir='ltr'>cont·</span> 
     </span>
    </p>

    <p class='ocr_par' dir='ltr' id='par_1_3' title="bbox 54 1816 1366 2506">
     <span class='ocr_line' id='line_1_11' title="bbox 54 1816 1366 1918; baseline 0.001 -25"><span class='ocrx_word' id='word_1_73' title='bbox 54 1858 58 1863; x_wconf 96' lang='lat'>·</span> <span class='ocrx_word' id='word_1_74' title='bbox 152 1840 277 1915; x_wconf 84' lang='lat' dir='ltr'>petere</span> <span class='ocrx_word' id='word_1_75' title='bbox 301 1816 512 1914; x_wconf 80' lang='lat' dir='ltr'>potestatem</span> <span class='ocrx_word' id='word_1_76' title='bbox 540 1838 668 1894; x_wconf 77' lang='lat' dir='ltr'>acriter</span> <span class='ocrx_word' id='word_1_77' title='bbox 690 1820 832 1918; x_wconf 88' lang='lat' dir='ltr'>quidem</span> <span class='ocrx_word' id='word_1_78' title='bbox 855 1820 1131 1908; x_wconf 87' lang='lat' dir='ltr'>contenderunt,</span> <span class='ocrx_word' id='word_1_79' title='bbox 1157 1820 1217 1894; x_wconf 90' lang='lat' dir='ltr'>sed</span> <span class='ocrx_word' id='word_1_80' title='bbox 1232 1819 1366 1894; x_wconf 86' lang='lat' dir='ltr'>Africa·</span> 
     </span>
     <span class='ocr_line' id='line_1_12' title="bbox 153 1913 1363 2018; baseline 0.002 -30"><span class='ocrx_word' id='word_1_81' title='bbox 153 1916 193 1988; x_wconf 87' lang='lat' dir='ltr'>ni</span> <span class='ocrx_word' id='word_1_82' title='bbox 227 1936 299 1987; x_wconf 92' lang='lat' dir='ltr'>non</span> <span class='ocrx_word' id='word_1_83' title='bbox 330 1913 445 1987; x_wconf 84' lang='lat' dir='ltr'>minua</span> <span class='ocrx_word' id='word_1_84' title='bbox 475 1913 629 1989; x_wconf 80' lang='lat' dir='ltr'>animose</span> <span class='ocrx_word' id='word_1_85' title='bbox 652 1937 904 2016; x_wconf 56' lang='lat' dir='ltr'>repugnarunt,</span> <span class='ocrx_word' id='word_1_86' title='bbox 954 1916 1054 2018; x_wconf 83' lang='lat' dir='ltr'><strong>Quae</strong></span> <span class='ocrx_word' id='word_1_87' title='bbox 1078 1914 1220 1990; x_wconf 86' lang='lat' dir='ltr'>historia</span> <span class='ocrx_word' id='word_1_88' title='bbox 1244 1916 1363 2012; x_wconf 61' lang='lat' dir='ltr'>prolix*</span> 
     </span>
     <span class='ocr_line' id='line_1_13' title="bbox 154 2008 1365 2108; baseline 0.002 -26"><span class='ocrx_word' id='word_1_89' title='bbox 154 2011 214 2083; x_wconf 90' lang='lat' dir='ltr'>ior</span> <span class='ocrx_word' id='word_1_90' title='bbox 236 2008 320 2099; x_wconf 83' lang='lat' dir='ltr'>est,</span> <span class='ocrx_word' id='word_1_91' title='bbox 361 2032 465 2106; x_wconf 90' lang='lat' dir='ltr'>quam</span> <span class='ocrx_word' id='word_1_92' title='bbox 488 2029 528 2084; x_wconf 93' lang='lat' dir='ltr'>ut</span> <span class='ocrx_word' id='word_1_93' title='bbox 552 2010 613 2085; x_wconf 92' lang='lat' dir='ltr'>hic</span> <span class='ocrx_word' id='word_1_94' title='bbox 634 2034 825 2090; x_wconf 78' lang='lat' dir='ltr'>enarretur.</span> <span class='ocrx_word' id='word_1_95' title='bbox 876 2012 1010 2086; x_wconf 86' lang='lat' dir='ltr'>Habita</span> <span class='ocrx_word' id='word_1_96' title='bbox 1035 2013 1180 2108; x_wconf 83' lang='lat' dir='ltr'>Synodo</span> <span class='ocrx_word' id='word_1_97' title='bbox 1208 2011 1365 2085; x_wconf 78' lang='lat' dir='ltr'>Africana</span> 
     </span>
     <span class='ocr_line' id='line_1_14' title="bbox 151 2102 1364 2204; baseline 0 -25"><span class='ocrx_word' id='word_1_98' title='bbox 151 2102 334 2181; x_wconf 74' lang='lat' dir='ltr'>anniversali</span> <span class='ocrx_word' id='word_1_99' title='bbox 357 2130 387 2180; x_wconf 90' lang='lat' dir='ltr'>a.</span> <span class='ocrx_word' id='word_1_100' title='bbox 413 2128 519 2197; x_wconf 86' lang='lat'>419.,</span> <span class='ocrx_word' id='word_1_101' title='bbox 542 2105 671 2204; x_wconf 84' lang='lat' dir='ltr'>scripta</span> <span class='ocrx_word' id='word_1_102' title='bbox 693 2108 744 2182; x_wconf 90' lang='lat' dir='ltr'>est</span> <span class='ocrx_word' id='word_1_103' title='bbox 772 2110 854 2183; x_wconf 91' lang='lat' dir='ltr'>inde</span> <span class='ocrx_word' id='word_1_104' title='bbox 877 2107 1030 2204; x_wconf 87' lang='lat' dir='ltr'>Epistola</span> <span class='ocrx_word' id='word_1_105' title='bbox 1055 2110 1095 2181; x_wconf 89' lang='lat' dir='ltr'>ad</span> <span class='ocrx_word' id='word_1_106' title='bbox 1123 2107 1364 2196; x_wconf 76' lang='lat' dir='ltr'>bonifacium,</span> 
     </span>
     <span class='ocr_line' id='line_1_15' title="bbox 152 2202 1358 2300; baseline 0.001 -26"><span class='ocrx_word' id='word_1_107' title='bbox 152 2221 256 2299; x_wconf 87' lang='lat' dir='ltr'>quam</span> <span class='ocrx_word' id='word_1_108' title='bbox 290 2205 389 2299; x_wconf 88' lang='lat' dir='ltr'>supra</span> <span class='ocrx_word' id='word_1_109' title='bbox 419 2202 643 2291; x_wconf 80' lang='lat' dir='ltr'>memoravi,</span> <span class='ocrx_word' id='word_1_110' title='bbox 694 2227 760 2300; x_wconf 91' lang='lat' dir='ltr'>qua</span> <span class='ocrx_word' id='word_1_111' title='bbox 790 2205 952 2278; x_wconf 80' lang='lat' dir='ltr'>Africani</span> <span class='ocrx_word' id='word_1_112' title='bbox 984 2204 1039 2298; x_wconf 80' lang='lat' dir='ltr'>jus</span> <span class='ocrx_word' id='word_1_113' title='bbox 1075 2202 1172 2277; x_wconf 91' lang='lat' dir='ltr'>suum</span> <span class='ocrx_word' id='word_1_114' title='bbox 1212 2224 1358 2277; x_wconf 77' lang='lat' dir='ltr'>tuentur.</span> 
     </span>
     <span class='ocr_line' id='line_1_16' title="bbox 152 2295 1357 2397; baseline -0.003 -23"><span class='ocrx_word' id='word_1_115' title='bbox 152 2300 294 2374; x_wconf 83' lang='lat' dir='ltr'>Notata</span> <span class='ocrx_word' id='word_1_116' title='bbox 317 2297 461 2396; x_wconf 85' lang='lat' dir='ltr'>dignum</span> <span class='ocrx_word' id='word_1_117' title='bbox 486 2295 557 2390; x_wconf 91' lang='lat' dir='ltr'>est,</span> <span class='ocrx_word' id='word_1_118' title='bbox 579 2298 717 2396; x_wconf 76' lang='lat' dir='ltr'>‘legatos</span> <span class='ocrx_word' id='word_1_119' title='bbox 741 2303 854 2397; x_wconf 83' lang='lat' dir='ltr'>Papae</span> <span class='ocrx_word' id='word_1_120' title='bbox 871 2298 937 2372; x_wconf 92' lang='lat' dir='ltr'>isto</span> <span class='ocrx_word' id='word_1_121' title='bbox 953 2298 991 2372; x_wconf 90' lang='lat' dir='ltr'>in</span> <span class='ocrx_word' id='word_1_122' title='bbox 1007 2299 1183 2389; x_wconf 87' lang='lat' dir='ltr'>concisio,</span> <span class='ocrx_word' id='word_1_123' title='bbox 1211 2316 1249 2373; x_wconf 92' lang='lat' dir='ltr'>ut</span> <span class='ocrx_word' id='word_1_124' title='bbox 1265 2302 1357 2396; x_wconf 80' lang='lat' dir='ltr'>Papa·</span> 
     </span>
     <span class='ocr_line' id='line_1_17' title="bbox 150 2394 1362 2506; baseline -0.004 -37"><span class='ocrx_word' id='word_1_125' title='bbox 150 2418 228 2505; x_wconf 87' lang='lat' dir='ltr'>rum</span> <span class='ocrx_word' id='word_1_126' title='bbox 250 2395 306 2491; x_wconf 86' lang='lat' dir='ltr'>jus</span> <span class='ocrx_word' id='word_1_127' title='bbox 330 2394 543 2506; x_wconf 81' lang='lat' dir='ltr'>defendant,</span> <span class='ocrx_word' id='word_1_128' title='bbox 589 2395 815 2489; x_wconf 87' lang='lat' dir='ltr'>provocasse,</span> <span class='ocrx_word' id='word_1_129' title='bbox 857 2417 927 2467; x_wconf 94' lang='lat' dir='ltr'>non</span> <span class='ocrx_word' id='word_1_130' title='bbox 954 2394 996 2469; x_wconf 91' lang='lat' dir='ltr'>ad</span> <span class='ocrx_word' id='word_1_131' title='bbox 1017 2395 1075 2504; x_wconf 76' lang='lat' dir='ltr'>jus</span> <span class='ocrx_word' id='word_1_132' title='bbox 1102 2395 1280 2485; x_wconf 88' lang='lat' dir='ltr'>divinum,</span> <span class='ocrx_word' id='word_1_133' title='bbox 1312 2410 1362 2502; x_wconf 77' lang='lat' dir='ltr'>aut</span> 
     </span>
    </p>

    <p class='ocr_par' dir='ltr' id='par_1_4' title="bbox 27 2491 1365 3067">
     <span class='ocr_line' id='line_1_18' title="bbox 27 2491 1362 2684; baseline -0.002 -25"><span class='ocrx_word' id='word_1_134' title='bbox 27 2570 30 2575; x_wconf 88' lang='lat'>·</span> <span class='ocrx_word' id='word_1_135' title='bbox 149 2491 1150 2684; x_wconf 47' lang='lat' dir='ltr'>{statis-‘iissent,istisinabsabias:</span> <span class='ocrx_word' id='word_1_136' title='bbox 1182 2493 1362 2663; x_wconf 57' lang='lat' dir='ltr'>{idriis</span> 
     </span>
     <span class='ocr_line' id='line_1_19' title="bbox 150 2679 1351 2771; baseline 0 -16"><span class='ocrx_word' id='word_1_137' title='bbox 150 2682 348 2756; x_wconf 85' lang='lat' dir='ltr'>Romanam</span> <span class='ocrx_word' id='word_1_138' title='bbox 370 2679 606 2771; x_wconf 81' lang='lat' dir='ltr'>concessisset,</span> <span class='ocrx_word' id='word_1_139' title='bbox 631 2699 668 2754; x_wconf 93' lang='lat' dir='ltr'>et</span> <span class='ocrx_word' id='word_1_140' title='bbox 685 2682 884 2758; x_wconf 75' lang='lat' dir='ltr'>sardicense</span> <span class='ocrx_word' id='word_1_141' title='bbox 909 2707 989 2758; x_wconf 90' lang='lat' dir='ltr'>cum</span> <span class='ocrx_word' id='word_1_142' title='bbox 1006 2682 1169 2757; x_wconf 91' lang='lat' dir='ltr'>Nicaeno</span> <span class='ocrx_word' id='word_1_143' title='bbox 1185 2680 1351 2760; x_wconf 90' lang='lat' dir='ltr'>consudis·</span> 
     </span>
     <span class='ocr_line' id='line_1_20' title="bbox 153 2774 1359 2874; baseline -0.003 -22"><span class='ocrx_word' id='word_1_144' title='bbox 153 2777 226 2852; x_wconf 87' lang='lat' dir='ltr'>set:</span> <span class='ocrx_word' id='word_1_145' title='bbox 252 2774 462 2850; x_wconf 85' lang='lat' dir='ltr'>Sar-dicensrs</span> <span class='ocrx_word' id='word_1_146' title='bbox 487 2776 584 2851; x_wconf 90' lang='lat' dir='ltr'>enim</span> <span class='ocrx_word' id='word_1_147' title='bbox 609 2800 743 2870; x_wconf 88' lang='lat' dir='ltr'>canon,</span> <span class='ocrx_word' id='word_1_148' title='bbox 774 2780 872 2856; x_wconf 79' lang='lat' dir='ltr'>ca’ue</span> <span class='ocrx_word' id='word_1_149' title='bbox 895 2777 997 2874; x_wconf 88' lang='lat' dir='ltr'>supra</span> <span class='ocrx_word' id='word_1_150' title='bbox 1022 2780 1083 2852; x_wconf 90' lang='lat' dir='ltr'>suo</span> <span class='ocrx_word' id='word_1_151' title='bbox 1104 2782 1188 2854; x_wconf 88' lang='lat' dir='ltr'>loco</span> <span class='ocrx_word' id='word_1_152' title='bbox 1213 2782 1281 2858; x_wconf 92' lang='lat' dir='ltr'>sec.</span> <span class='ocrx_word' id='word_1_153' title='bbox 1302 2774 1359 2854; x_wconf 81' lang='lat' dir='ltr'>IV.</span> 
     </span>
     <span class='ocr_line' id='line_1_21' title="bbox 150 2803 1355 2972; baseline -0.001 -22"><span class='ocrx_word' id='word_1_154' title='bbox 150 2873 370 2950; x_wconf 86' lang='lat' dir='ltr'>mentionem</span> <span class='ocrx_word' id='word_1_155' title='bbox 393 2872 485 2964; x_wconf 84' lang='lat' dir='ltr'>feci,</span> <span class='ocrx_word' id='word_1_156' title='bbox 521 2873 563 2947; x_wconf 90' lang='lat' dir='ltr'>ab</span> <span class='ocrx_word' id='word_1_157' title='bbox 586 2873 665 2972; x_wconf 77' lang='lat' dir='ltr'>ipsas</span> <span class='ocrx_word' id='word_1_158' title='bbox 689 2803 876 2971; x_wconf 70' lang='lat' dir='ltr'>produdius</span> <span class='ocrx_word' id='word_1_159' title='bbox 897 2874 959 2950; x_wconf 91' lang='lat' dir='ltr'>est.</span> <span class='ocrx_word' id='word_1_160' title='bbox 1007 2875 1246 2970; x_wconf 85' lang='lat' dir='ltr'>Regesserunt</span> <span class='ocrx_word' id='word_1_161' title='bbox 1273 2870 1355 2952; x_wconf 72' lang='lat' dir='ltr'>Afri·</span> 
     </span>
     <span class='ocr_line' id='line_1_22' title="bbox 150 2965 1365 3067; baseline 0.002 -19"><span class='ocrx_word' id='word_1_162' title='bbox 150 2972 252 3062; x_wconf 85' lang='lat' dir='ltr'>cani,</span> <span class='ocrx_word' id='word_1_163' title='bbox 284 2971 320 3045; x_wconf 90' lang='lat' dir='ltr'>se</span> <span class='ocrx_word' id='word_1_164' title='bbox 345 2969 413 3044; x_wconf 88' lang='lat' dir='ltr'>tale</span> <span class='ocrx_word' id='word_1_165' title='bbox 436 2965 518 3067; x_wconf 89' lang='lat' dir='ltr'>quid</span> <span class='ocrx_word' id='word_1_166' title='bbox 542 2970 580 3045; x_wconf 91' lang='lat' dir='ltr'>in</span> <span class='ocrx_word' id='word_1_167' title='bbox 602 2969 704 3055; x_wconf 74' lang='lat' dir='ltr'>Atiis</span> <span class='ocrx_word' id='word_1_168' title='bbox 727 2969 901 3048; x_wconf 80' lang='lat' dir='ltr'>Nicaenit</span> <span class='ocrx_word' id='word_1_169' title='bbox 924 2993 995 3045; x_wconf 92' lang='lat' dir='ltr'>non</span> <span class='ocrx_word' id='word_1_170' title='bbox 1018 2971 1171 3065; x_wconf 89' lang='lat' dir='ltr'>habere,</span> <span class='ocrx_word' id='word_1_171' title='bbox 1213 2984 1365 3050; x_wconf 72' lang='lat' dir='ltr'>attenuet¹</span> 
     </span>
    </p>

    <p class='ocr_par' dir='ltr' id='par_1_5' title="bbox 58 3064 1397 3433">
     <span class='ocr_line' id='line_1_23' title="bbox 58 3064 1373 3167; baseline -0.004 -24"><span class='ocrx_word' id='word_1_172' title='bbox 58 3128 61 3132; x_wconf 90' lang='lat'>.</span> <span class='ocrx_word' id='word_1_173' title='bbox 150 3064 395 3167; x_wconf 76' lang='lat' dir='ltr'>inquisituros,</span> <span class='ocrx_word' id='word_1_174' title='bbox 438 3090 523 3142; x_wconf 92' lang='lat' dir='ltr'>num</span> <span class='ocrx_word' id='word_1_175' title='bbox 547 3068 585 3142; x_wconf 92' lang='lat' dir='ltr'>in</span> <span class='ocrx_word' id='word_1_176' title='bbox 615 3068 776 3166; x_wconf 83' lang='lat' dir='ltr'>genuinis</span> <span class='ocrx_word' id='word_1_177' title='bbox 800 3071 875 3166; x_wconf 84' lang='lat' dir='ltr'>ejus</span> <span class='ocrx_word' id='word_1_178' title='bbox 899 3067 985 3142; x_wconf 71' lang='lat' dir='ltr'>asiis</span> <span class='ocrx_word' id='word_1_179' title='bbox 1011 3066 1136 3143; x_wconf 85' lang='lat' dir='ltr'>exstet.</span> <span class='ocrx_word' id='word_1_180' title='bbox 1233 3097 1276 3146; x_wconf 88' lang='lat' dir='ltr'>ua</span> <span class='ocrx_word' id='word_1_181' title='bbox 1311 3070 1373 3145; x_wconf 85' lang='lat' dir='ltr'>du·</span> 
     </span>
     <span class='ocr_line' id='line_1_24' title="bbox 148 3161 1381 3264; baseline 0.005 -27"><span class='ocrx_word' id='word_1_182' title='bbox 148 3182 250 3239; x_wconf 78' lang='lat' dir='ltr'>rante</span> <span class='ocrx_word' id='word_1_183' title='bbox 276 3161 527 3264; x_wconf 65' lang='lat' dir='ltr'>inquisitione,</span> <span class='ocrx_word' id='word_1_184' title='bbox 553 3187 634 3240; x_wconf 90' lang='lat' dir='ltr'>cum</span> <span class='ocrx_word' id='word_1_185' title='bbox 660 3163 705 3239; x_wconf 86' lang='lat' dir='ltr'>de</span> <span class='ocrx_word' id='word_1_186' title='bbox 727 3167 849 3240; x_wconf 87' lang='lat' dir='ltr'>fraude</span> <span class='ocrx_word' id='word_1_187' title='bbox 870 3165 1027 3238; x_wconf 90' lang='lat' dir='ltr'>nondum</span> <span class='ocrx_word' id='word_1_188' title='bbox 1052 3164 1195 3241; x_wconf 90' lang='lat' dir='ltr'>constiti</span> <span class='ocrx_word' id='word_1_189' title='bbox 1226 3186 1286 3259; x_wconf 93' lang='lat' dir='ltr'>et,</span> <span class='ocrx_word' id='word_1_190' title='bbox 1309 3169 1381 3243; x_wconf 65' lang='lat' dir='ltr'>be*</span> 
     </span>
     <span class='ocr_line' id='line_1_25' title="bbox 149 3258 1397 3433; baseline 0.002 -98"><span class='ocrx_word' id='word_1_191' title='bbox 149 3259 294 3429; x_wconf 52' lang='lat' dir='ltr'>nigniff</span> <span class='ocrx_word' id='word_1_192' title='bbox 317 3260 460 3431; x_wconf 55' lang='lat' dir='ltr'>qffiem</span> <span class='ocrx_word' id='word_1_193' title='bbox 483 3262 639 3430; x_wconf 54' lang='lat' dir='ltr'>tuisfirunt</span> <span class='ocrx_word' id='word_1_194' title='bbox 653 3260 928 3431; x_wconf 45' lang='lat' dir='ltr'>adpglsgtiolneksi,</span> <span class='ocrx_word' id='word_1_195' title='bbox 962 3258 1047 3432; x_wconf 58' lang='lat' dir='ltr'>need</span> <span class='ocrx_word' id='word_1_196' title='bbox 1068 3284 1139 3432; x_wconf 42' lang='lat' dir='ltr'>nan</span> <span class='ocrx_word' id='word_1_197' title='bbox 1154 3265 1397 3433; x_wconf 43' lang='lat' dir='ltr'>warini)</span> 
     </span>
    </p>

    <p class='ocr_par' dir='ltr' id='par_1_6' title="bbox 147 3364 1421 4239">
     <span class='ocr_line' id='line_1_26' title="bbox 173 3364 1404 3434; baseline 0.002 -4"><span class='ocrx_word' id='word_1_198' title='bbox 173 3379 223 3430; x_wconf 93' lang='lat' dir='ltr'>uo</span> <span class='ocrx_word' id='word_1_199' title='bbox 286 3381 308 3429; x_wconf 86' lang='lat' dir='ltr'>a</span> <span class='ocrx_word' id='word_1_200' title='bbox 402 3378 487 3431; x_wconf 89' lang='lat' dir='ltr'>nre</span> <span class='ocrx_word' id='word_1_201' title='bbox 558 3379 720 3432; x_wconf 71' lang='lat' dir='ltr'>,20.a</span> <span class='ocrx_word' id='word_1_202' title='bbox 796 3381 868 3432; x_wconf 89' lang='lat' dir='ltr'>aee</span> <span class='ocrx_word' id='word_1_203' title='bbox 916 3380 999 3430; x_wconf 92' lang='lat' dir='ltr'>num</span> <span class='ocrx_word' id='word_1_204' title='bbox 1049 3381 1070 3430; x_wconf 91' lang='lat' dir='ltr'>e</span> <span class='ocrx_word' id='word_1_205' title='bbox 1129 3380 1259 3434; x_wconf 89' lang='lat' dir='ltr'>nomo</span> <span class='ocrx_word' id='word_1_206' title='bbox 1316 3364 1404 3432; x_wconf 80' lang='lat' dir='ltr'>tr‘</span> 
     </span>
     <span class='ocr_line' id='line_1_27' title="bbox 150 3377 1417 3552; baseline -0.002 -22"><span class='ocrx_word' id='word_1_207' title='bbox 150 3378 290 3542; x_wconf 68' lang='lat' dir='ltr'>salensi,</span> <span class='ocrx_word' id='word_1_208' title='bbox 307 3378 359 3526; x_wconf 61' lang='lat' dir='ltr'>{b</span> <span class='ocrx_word' id='word_1_209' title='bbox 375 3449 450 3552; x_wconf 89' lang='lat' dir='ltr'>ipso</span> <span class='ocrx_word' id='word_1_210' title='bbox 464 3377 708 3550; x_wconf 59' lang='lat' dir='ltr'>dgposito,9et</span> <span class='ocrx_word' id='word_1_211' title='bbox 724 3451 768 3527; x_wconf 87' lang='lat' dir='ltr'>ad</span> <span class='ocrx_word' id='word_1_212' title='bbox 788 3453 914 3543; x_wconf 80' lang='lat' dir='ltr'>Papum</span> <span class='ocrx_word' id='word_1_213' title='bbox 931 3453 1147 3550; x_wconf 86' lang='lat' dir='ltr'>adpellante,</span> <span class='ocrx_word' id='word_1_214' title='bbox 1164 3455 1318 3552; x_wconf 70' lang='lat' dir='ltr'>spectat,</span> <span class='ocrx_word' id='word_1_215' title='bbox 1344 3416 1417 3527; x_wconf 57' lang='lat' dir='ltr'><em>ff</em></span> 
     </span>
     <span class='ocr_line' id='line_1_28' title="bbox 148 3545 1420 3660; baseline -0.003 -34"><span class='ocrx_word' id='word_1_216' title='bbox 148 3549 302 3650; x_wconf 72' lang='lat' dir='ltr'>genuina</span> <span class='ocrx_word' id='word_1_217' title='bbox 326 3545 389 3638; x_wconf 79' lang='lat' dir='ltr'>sat,</span> <span class='ocrx_word' id='word_1_218' title='bbox 413 3547 507 3660; x_wconf 79' lang='lat' dir='ltr'>quod</span> <span class='ocrx_word' id='word_1_219' title='bbox 531 3570 604 3623; x_wconf 94' lang='lat' dir='ltr'>non</span> <span class='ocrx_word' id='word_1_220' title='bbox 622 3564 763 3643; x_wconf 68' lang='lat' dir='ltr'>mutem.</span> <span class='ocrx_word' id='word_1_221' title='bbox 815 3549 900 3626; x_wconf 91' lang='lat' dir='ltr'>Vid.</span> <span class='ocrx_word' id='word_1_222' title='bbox 924 3551 984 3623; x_wconf 89' lang='lat' dir='ltr'>Du</span> <span class='ocrx_word' id='word_1_223' title='bbox 1009 3550 1220 3627; x_wconf 68' lang='lat' dir='ltr'>lindissem</span> <span class='ocrx_word' id='word_1_224' title='bbox 1242 3546 1420 3624; x_wconf 59' lang='lat' dir='ltr'>histor!</span> 
     </span>
     <span class='ocr_line' id='line_1_29' title="bbox 148 3641 1421 3745; baseline -0.002 -22"><span class='ocrx_word' id='word_1_225' title='bbox 148 3646 254 3723; x_wconf 85' lang='lat' dir='ltr'>etde</span> <span class='ocrx_word' id='word_1_226' title='bbox 277 3643 506 3742; x_wconf 75' lang='lat' dir='ltr'>scriptoribus</span> <span class='ocrx_word' id='word_1_227' title='bbox 529 3641 661 3718; x_wconf 83' lang='lat' dir='ltr'>Eccles</span> <span class='ocrx_word' id='word_1_228' title='bbox 716 3648 805 3721; x_wconf 93' lang='lat' dir='ltr'>Cum</span> <span class='ocrx_word' id='word_1_229' title='bbox 831 3664 949 3720; x_wconf 89' lang='lat' dir='ltr'>autem</span> <span class='ocrx_word' id='word_1_230' title='bbox 972 3646 1129 3722; x_wconf 66' lang='lat' dir='ltr'>&amp;audem</span> <span class='ocrx_word' id='word_1_231' title='bbox 1154 3645 1270 3745; x_wconf 81' lang='lat' dir='ltr'>postea</span> <span class='ocrx_word' id='word_1_232' title='bbox 1305 3642 1421 3721; x_wconf 64' lang='lat' dir='ltr'>des</span> 
     </span>
     <span class='ocr_line' id='line_1_30' title="bbox 147 3737 1421 3858; baseline -0.002 -38"><span class='ocrx_word' id='word_1_233' title='bbox 147 3742 333 3833; x_wconf 67' lang='lat' dir='ltr'>tenuent,</span> <span class='ocrx_word' id='word_1_234' title='bbox 350 3756 389 3817; x_wconf 84' lang='lat' dir='ltr'>et</span> <span class='ocrx_word' id='word_1_235' title='bbox 406 3737 643 3816; x_wconf 71' lang='lat' dir='ltr'>sardicensem</span> <span class='ocrx_word' id='word_1_236' title='bbox 659 3742 840 3819; x_wconf 74' lang='lat' dir='ltr'>canonem</span> <span class='ocrx_word' id='word_1_237' title='bbox 856 3739 1023 3817; x_wconf 83' lang='lat' dir='ltr'>Nicaeno</span> <span class='ocrx_word' id='word_1_238' title='bbox 1039 3743 1107 3818; x_wconf 81' lang='lat' dir='ltr'>esse</span> <span class='ocrx_word' id='word_1_239' title='bbox 1122 3740 1350 3820; x_wconf 81' lang='lat' dir='ltr'>substitutum</span> <span class='ocrx_word' id='word_1_240' title='bbox 1360 3760 1421 3858; x_wconf 43' lang='grc' dir='ltr'><em>ἧ</em></span> 
     </span>
     <span class='ocr_line' id='line_1_31' title="bbox 147 3828 1421 3939; baseline 0.001 -23"><span class='ocrx_word' id='word_1_241' title='bbox 147 3832 482 3939; x_wconf 76' lang='lat' dir='ltr'>deprehendissent,</span> <span class='ocrx_word' id='word_1_242' title='bbox 520 3828 648 3913; x_wconf 82' lang='lat' dir='ltr'>sertim</span> <span class='ocrx_word' id='word_1_243' title='bbox 677 3839 773 3931; x_wconf 88' lang='lat' dir='ltr'>sese,</span> <span class='ocrx_word' id='word_1_244' title='bbox 814 3837 995 3915; x_wconf 78' lang='lat' dir='ltr'>occasione</span> <span class='ocrx_word' id='word_1_245' title='bbox 1027 3842 1199 3917; x_wconf 88' lang='lat' dir='ltr'>secundae</span> <span class='ocrx_word' id='word_1_246' title='bbox 1231 3836 1421 3938; x_wconf 53' lang='lat' dir='ltr'>apiarii</span> 
     </span>
     <span class='ocr_line' id='line_1_32' title="bbox 148 3933 1411 4104; baseline 0.004 -93"><span class='ocrx_word' id='word_1_247' title='bbox 148 3933 400 4104; x_wconf 42' lang='lat' dir='ltr'>deposstionict,</span> <span class='ocrx_word' id='word_1_248' title='bbox 431 3949 469 4011; x_wconf 81' lang='lat' dir='ltr'>et</span> <span class='ocrx_word' id='word_1_249' title='bbox 489 3933 669 4051; x_wconf 72' lang='lat' dir='ltr'>&#39;repetitae</span> <span class='ocrx_word' id='word_1_250' title='bbox 694 3934 953 4035; x_wconf 80' lang='lat' dir='ltr'>adpellationit,</span> <span class='ocrx_word' id='word_1_251' title='bbox 986 3936 1171 4015; x_wconf 88' lang='lat' dir='ltr'>ambitioni</span> <span class='ocrx_word' id='word_1_252' title='bbox 1198 3939 1411 4039; x_wconf 65' lang='lat' dir='ltr'>Papamnr</span> 
     </span>
     <span class='ocr_line' id='line_1_33' title="bbox 262 4052 852 4106; baseline 0 -2"><span class='ocrx_word' id='word_1_253' title='bbox 262 4052 401 4106; x_wconf 91' lang='lat' dir='ltr'>uerun.</span> <span class='ocrx_word' id='word_1_254' title='bbox 527 4076 530 4084; x_wconf 91' lang='lat'><em>·</em></span> <span class='ocrx_word' id='word_1_255' title='bbox 730 4082 734 4091; x_wconf 87' lang='lat'>-</span> <span class='ocrx_word' id='word_1_256' title='bbox 850 4054 852 4059; x_wconf 92' lang='grc'><strong><em>·</em></strong></span> 
     </span>
     <span class='ocr_line' id='line_1_34' title="bbox 215 4112 1375 4239; baseline 0.007 -32"><span class='ocrx_word' id='word_1_257' title='bbox 215 4140 230 4207; x_wconf 91' lang='grc'>.’</span> <span class='ocrx_word' id='word_1_258' title='bbox 250 4112 406 4207; x_wconf 61' lang='lat' dir='ltr'>LXVsd</span> <span class='ocrx_word' id='word_1_259' title='bbox 431 4124 573 4205; x_wconf 60' lang='lat' dir='ltr'>didam</span> <span class='ocrx_word' id='word_1_260' title='bbox 589 4126 914 4226; x_wconf 73' lang='lat' dir='ltr'>concertationibus</span> <span class='ocrx_word' id='word_1_261' title='bbox 935 4152 1017 4211; x_wconf 83' lang='lat' dir='ltr'>com</span> <span class='ocrx_word' id='word_1_262' title='bbox 1032 4129 1201 4215; x_wconf 74' lang='lat' dir='ltr'>Ecclesia</span> <span class='ocrx_word' id='word_1_263' title='bbox 1216 4125 1375 4239; x_wconf 52' lang='lat' dir='ltr'>Gallice-</span> 
     </span>
    </p>
   </div>
   <div class='ocr_carea' id='block_1_3' title="bbox 0 0 1542 4838">
    <p class='ocr_par' dir='ltr' id='par_1_7' title="bbox 0 0 1542 4838">
     <span class='ocr_line' id='line_1_35' title="bbox 0 0 1542 4838; baseline 0 2"><span class='ocrx_word' id='word_1_264' title='bbox 0 0 1542 4838; x_wconf 95' lang='lat' dir='ltr'> </span> 
     </span>
    </p>
   </div>
  </div>
 </body>
</html>
