3074 4838
119 637 122 644 ’
177 662 252 781 iao·
562 653 1002 776 unsaramma.
1109 711 1114 718 ·

182 829 302 950 doxis,
327 855 407 932 sede
432 852 483 931 est
505 855 682 956 depositus
706 856 744 930 in
761 844 1059 957 Pseudo-synodo
1073 851 1249 954 Ephelina
1263 854 1403 946 2449}

180 953 338 1054 praeside
370 951 563 1029 Dioscuro:
603 978 725 1045 verum
756 977 825 1053 ope
859 955 992 1028 Leonis
1020 956 1153 1051 Papae,
1192 952 1236 1026 ad
1270 973 1396 1049 quern,
1426 1019 1429 1023 .

184 1074 266 1158 ‘crum
292 1049 335 1122 ad
360 1049 465 1158 alium
491 1051 620 1124 nullum
645 1049 773 1146 pollet,
800 1048 1028 1160 confugerat,
1053 1048 1241 1217 euspnodi
1266 1051 1398 1122 Romn-

183 1170 286 1318 selis
295 1143 556 1348 felsslulllll
562 1143 1402 1345 1tutumrszrrtttnrftlsrrt

182 1335 247 1412 nist
269 1337 328 1409 sub
352 1336 539 1411 Marciano
549 1339 769 1435 ¹'inperatore
793 1336 944 1412 redditus
966 1362 997 1412 a.
1022 1360 1129 1426 450„
1173 1359 1242 1430 ope
1266 1353 1400 1431 poten·

176 1432 390 1527 ‘tiffimorum
415 1433 593 1522 virorum,
625 1434 666 1506 ad
700 1457 785 1528 quos
811 1457 830 1506 e
856 1431 976 1507 istolae
999 1434 1073 1528 ejus
1102 1440 1309 1528 138-140.
1336 1452 1401 1504 ex·

21 1554 24 1565 ·
142 1556 145 1561 ·
180 1527 283 1634 stant.
308 1550 313 1562 ¹
336 1525 497 1602 Tandem
523 1528 560 1600 in
587 1529 731 1624 Synodo
758 1457 968 1603 Chalcedon.
993 1552 1024 1602 a.
1051 1549 1156 1618 451„
1181 1545 1259 1598 cum
1284 1529 1403 1622 Eut-y·

150 1710 152 1714 ,
182 1627 301 1700 chiani
327 1623 398 1697 sese
424 1622 571 1720 ingente
594 1622 845 1712 contentione,
871 1648 958 1721 quae
981 1625 1167 1698 atumultu
1185 1643 1297 1717 prope
1314 1625 1401 1696 abe·

180 1742 259 1810 rat,
292 1718 326 1793 ei
356 1737 598 1816 opponerent,
633 1740 797 1814 tanquam
824 1723 868 1793 ob
903 1721 1080 1794 damnatos
1104 1716 1224 1817 Cyrilli
1251 1717 1402 1791 anathe-

177 1815 379 1902 matismos,
405 1833 441 1886 et
459 1833 619 1912 negatam
638 1813 800 1889 Nestorii
817 1815 1094 1903 damnationem,
1118 1812 1299 1909 suspeuo,
1324 1831 1402 1887 non

177 1909 341 2009 *obstante
358 1908 574 1984 confeffione
600 1911 703 2007 ejus,
721 1931 758 1984 et
781 1911 911 1984 Leonis
927 1914 1039 2006 Papae
1062 1908 1299 1999 absolutione,
1324 1930 1399 1982 nec

178 2008 296 2080 locum
325 2005 360 2079 in
388 2007 532 2103 Synodo
558 2009 709 2081 concedi
736 2009 885 2095 vellent,
918 2007 1005 2079 vicit
1033 2005 1164 2080 Leonis
1191 2006 1237 2078 Pa
1262 2027 1327 2095 ae,
1347 2021 1395 2079 et

174 2100 356 2195 Marciani
372 2101 603 2210 Inperatoris‚
630 2102 809 2190 autoritas,
837 2102 943 2173 itaut
968 2099 1129 2198 tanquam
1148 2097 1222 2172 Dio
1237 2100 1312 2175 curi
1337 2121 1399 2175 ac·

176 2199 315 2272 cusator
339 2197 446 2271 fuerit
472 2195 642 2271 admillus.
694 2197 777 2268 Nec
802 2217 916 2269 tamen
941 2197 1126 2271 adversarii
1150 2195 1225 2292 ejus
1248 2195 1398 2292 quieve-

174 2300 280 2384 runt,
305 2292 537 2389 postulantes,
561 2314 600 2367 ut
623 2289 793 2366 Nestorio
812 2312 933 2388 aperte
958 2311 996 2365 et
1021 2291 1227 2366 nominatim
1243 2292 1394 2367 anathe-

172 2395 233 2466 'ma
266 2389 419 2465 diceret:
464 2388 557 2487 quod
586 2389 744 2477 tandem,
788 2387 867 2483 post
900 2389 1025 2461 multas
1058 2387 1393 2486 tergiversationes,

31 2514 39 2537 =
169 2486 316 2570 facere,
332 2485 422 2582 jussu
440 2484 594 2582 Synodi,
615 2485 753 2560 cousins
770 2482 841 2573 est,
869 2502 906 2556 ut
923 2483 1076 2557 exAslis
1093 2483 1248 2581 synodi,
1272 2485 1394 2558 Leon·

142 2601 143 2604 ’
171 2581 249 2670 tio,
279 2599 317 2652 et
333 2579 424 2669 aliis,
454 2599 574 2677 patet:
600 2580 657 2652 sed
676 2580 817 2653 domum
834 2578 943 2652 redux
960 2582 1002 2652 ab
1022 2579 1221 2676 Episcopali
1244 2601 1395 2653 munere

19 2714 21 2718 ⁴
165 2676 317 2752 ¹videtur
341 2679 467 2773 sponte
491 2674 710 2764 abstinuisse,
750 2674 891 2771 seseque
925 2694 1040 2749 totum
1074 2676 1171 2751 libris
1195 2674 1391 2749 scribendis

165 2766 329 2861 ¹dediss‘e3
353 2793 422 2846 nec
446 2768 506 2843 diu
532 2769 723 2867 superfuit,
748 2789 907 2844 mortuus
930 2793 961 2845 a.
985 2779 1070 2863 458.
1097 2771 1284 2846 secundum
1303 2771 1392 2845 Gar·

164 2866 336 2960 merium,
378 2864 500 2964 utique
526 2864 730 2942 sub'Leone
761 2865 939 2963 Augusto,
976 2865 1064 2941 teste
1090 2867 1297 2959 Gennadio,
1329 2867 1394 2963 qui

174 2965 337 3065 inperare
359 2962 501 3062 coepit,
540 2987 570 3040 a.
594 2986 679 3061 457.
731 2964 810 3065 Qua
841 2961 978 3037 ratione
1009 2987 1140 3039 nomen
1177 2963 1253 3061 ejus
1275 2961 1391 3041 fuerit

34 3074 43 3091 ⁸
158 3059 242 3137 sec.
269 3061 318 3135 V.
344 3061 552 3152 laceratum,
585 3061 645 3135 suo
675 3078 835 3159 tempore
858 3060 1016 3134 narrabo.

157 3160 164 3172 '
219 3156 252 3256 s.
276 3157 361 3232 VII.
404 3160 523 3255 Opera
554 3156 796 3248 Theodoreti,
837 3178 984 3253 quorum
1022 3155 1154 3249 optima
1185 3156 1303 3230 editio
1335 3152 1389 3233 est

101 3300 104 3307 -
153 3253 374 3351 ¹sirmondi,
412 3277 437 3344 4
460 3256 530 3327 vol.
556 3254 596 3328 in
619 3254 717 3343 Fol,
750 3251 874 3349 quibus
903 3250 1097 3325 addendum
1123 3251 1174 3327 est
1195 3251 1389 3328 surranum

112 3407 116 3414 .
171 3347 358 3439 Garnerii,
383 3370 455 3422 uno
479 3348 550 3422 vol.
575 3346 614 3420 in
638 3347 719 3436 fol,
743 3345 932 3422 maximam
950 3366 1089 3443 partem
1106 3348 1184 3422 sunt
1200 3351 1395 3424 Commen-

151 3444 252 3522 'rarii
282 3441 319 3515 in
344 3443 559 3537 Scripturam
583 3443 672 3519 Vet.
706 3461 744 3516 et
766 3443 867 3518 Nov.
893 3443 1013 3533 Test.,
1056 3443 1314 3520 haereticarum
1336 3443 1389 3520 fa·

164 3544 321 3620 bularum
349 3537 449 3626 libri,
482 3537 615 3614 curatio
645 3538 1143 3629 Graecarumadseslionum,
1176 3539 1237 3615 seu
1263 3560 1391 3619 contra

170 3636 352 3724 Gentiles,
391 3632 584 3729 Epistolae,
625 3633 752 3731 aliique
785 3636 951 3712 tradatur
980 3634 1123 3710 eristici.
1173 3635 1313 3736 Quibus
1345 3637 1385 3712 in

148 3730 290 3831 'primis
307 3729 462 3829 addenda
478 3728 530 3804 est
545 3728 704 3806 Historia
723 3733 798 3828 ejus
813 3731 1071 3822 Ecclefiastica,
1090 3730 1243 3831 quinque
1261 3733 1380 3824 libris,

48 3879 50 3885 -
165 3851 252 3927 quae
276 3848 382 3901 annos
406 3826 683 3918 continet'ros,
709 3830 752 3903 ab
776 3828 887 3918 Ario,
921 3829 978 3902 seu
1005 3852 1034 3903 a.
1062 3851 1168 3922 325„
1201 3828 1386 3925 usquead

145 3927 301 4000 'obitum
333 3922 520 3998 Theodori
543 3922 808 4018 Mopsuesteni‚
852 3943 889 4000 et
914 3924 1101 3998 Theodoti
1132 3925 1376 4013 Antiocheni,

131 4029 133 4033 ’
159 4023 267 4100 seua.
291 4041 398 4112 429„
423 4038 462 4093 ut
481 4018 694 4094 demonstrat
708 4021 799 4117 Pagi
819 4018 861 4093 ad
878 4022 1004 4095 Baron.
1031 4044 1061 4095 a.
1088 4043 1196 4114 427„
1221 4019 1376 4117 publica·

137 4117 197 4259 [³²
215 4113 295 4219 post
318 4140 351 4200 n
372 4123 458 4215 448·
483 4133 525 4199 ut
555 4116 747 4257 contendit
773 4114 955 4211 Valesius,
996 4117 1068 4218 qui·
1091 4138 1175 4194 eum
1202 4117 1396 4311 cistlpcffi
