3008 4830
131 638 206 746 698
412 632 415 637 ’
517 612 820 735 mstorlosscole's.
842 632 958 739 livill.
1047 722 1055 738 ,

137 819 349 910 Mercurios,
380 814 646 891 Monaehorum
672 812 886 910 Scytharum
913 810 1049 905 tlrelin,
1080 810 1195 889 nodo
1222 791 1360 890 naemei

137 942 270 1009 ratam,
303 912 398 989 secus
421 933 463 987 ae
483 911 642 985 deceffor
663 911 816 1005 fecerat,
849 910 1061 1011 adprobavit
1070 928 1091 999 3·
1116 930 1159 985 et
1193 908 1358 986 Acoemi·

143 1036 226 1106 tat,
268 1008 459 1085 acerrimor
493 1029 616 1081 eorum
641 1004 779 1099 hoster,
818 1006 1011 1083 damnavit·
1065 1006 1138 1079 Sed
1166 1010 1364 1085 celebrator

141 1109 317 1196 maxime,
349 1102 443 1201 quod
473 1100 634 1212 singulari
661 1102 770 1177 modo
801 1104 983 1177 censeatur
1009 1126 1031 1179 a
1062 1098 1263 1199 justiniano
1293 1103 1358 1174 lro·

146 1222 301 1283 noratur.
371 1198 627 1275 Circumlertur
671 1202 813 1297 utique,
845 1198 994 1296 epistola
1047 1198 1268 1294 Inperatorir
1313 1194 1355 1269 ati

143 1324 246 1388 eum,
278 1317 367 1395 quae
389 1319 410 1368 a
432 1294 584 1369 Baronio
606 1294 826 1385 recensetur,
858 1296 903 1369 ad
923 1316 1004 1370 ann.
1027 1315 1136 1389 533„
1167 1316 1236 1393 qua
1260 1288 1359 1391 Josti·

142 1394 269 1564 ”llll
290 1391 480 1562 {llll}
487 1386 1359 1583 nitlll‘ll:llllltzlll,“”llltlll

145 1514 246 1682 {ipat
266 1586 406 1658 omniunt
428 1511 621 1656 Sanoaiun
638 1578 881 1671 Ecclrſsorum3
912 1605 1012 1677 qnare
1023 1578 1066 1679 fir
1085 1510 1263 1677 fallinaaquo
1294 1602 1358 1651 om·

147 1686 205 1763 nio
229 1682 274 1753 oti
295 1682 446 1753 notitiam
468 1681 541 1775 eius
562 1674 707 1773 referre,
738 1693 771 1751 tt
796 1682 840 1751 ab
865 1698 906 1751 eo
934 1678 1138 1775 definitivam
1157 1676 1359 1775 sententiata

146 1768 1358 1967 llllllillllllllllllmlllllltoilitlrle‘lil:

111 2028 119 2041 .
147 1970 215 2043 riae
243 1964 324 2061 innt
350 1974 448 2061 apta.¹
489 1965 561 2040 Sed
591 1921 749 2064 Episto’la
778 1962 837 2039 illa
859 1960 912 2039 est
942 1962 1015 2039 fine
1037 1963 1098 2037 die
1127 1984 1167 2039 et
1201 1960 1359 2055 console,

148 2081 219 2235 iiec
249 2060 779 2233 nidetuthglerglnipiafiblnt'efiea
815 2054 1148 2229 mtffmridszbffi
1188 2056 1359 2229 Ecclfelidae

148 2180 333 2331 Rgggffi
358 2178 583 2364 ¹slpiorltte,mex
613 2178 798 2362 opinioei}
815 2176 863 2325 ilfa
894 2176 981 2346 ‘eiii
1005 2176 1256 2361 grtirlotriffieiae
1292 2176 1355 2324 ntia:

150 2372 241 2425 vero
275 2372 320 2422 ex
353 2367 564 2437 autoritate,
597 2366 634 2421 et
665 2347 825 2421 donrrnto
859 2369 944 2442 epm.
996 2345 1054 2419 Stc
1086 2332 1131 2421 tie
1163 2349 1356 2421 Patrrarclta

151 2449 255 2521 CPol.
281 2466 419 2541 qnoque
444 2443 571 2518 adserit
595 2441 825 2541 Justinianus,
859 2440 896 2515 se
931 2440 1097 2518 festinare
1128 2442 1169 2518 in
1202 2444 1359 2517 omnib'ut

148 2540 245 2637 sequi
271 2539 385 2612 sedern
411 2540 660 2635 apostolicam.

200 2636 233 2726 l.
261 2634 430 2705 CCLXX.
456 2633 591 2718 Simili,
617 2633 702 2706 licet
727 2632 825 2706 aliam
851 2635 904 2711 ob¹
921 2632 1073 2721 causam,
1106 2632 1282 2730 legatione
1312 2630 1356 2706 ad

154 2726 407 2835 Justinianum,
433 2746 469 2801 et
491 2724 657 2803 adfeiiati
678 2726 847 2824 primatus
873 2729 1045 2803 exercitio
1067 2727 1139 2804 sese
1163 2729 1361 2804 nobilitavit

152 2829 343 2923 Agapetos,
375 2820 549 2898 successor
573 2826 658 2917 ejus.
707 2825 787 2921 lpse
817 2824 950 2898 enima
984 2824 1192 2916 Theodoto,
1226 2828 1359 2902 Gotho·

152 2949 232 3002 rurn
257 2923 378 3017 Rege,
420 2920 538 2994 miffus
570 2919 735 3009 CPolin.,
776 2938 814 2994 ut
851 2942 973 3015 pacem
1012 2921 1208 3017 inpetraret
1241 2947 1261 2996 a
1292 2919 1361 3018 Jus-

153 3021 308 3107 tiniano,
347 3035 515 3090 votorum
543 3015 686 3111 quidem
719 3037 791 3090 non
824 3016 873 3091 est
916 3015 1026 3090 faetus
1065 3039 1236 3114 compos,
1279 3015 1360 3090 teste

155 3115 343 3198 Liberam,
370 3131 494 3186 autore
515 3110 668 3208 aequali,
701 3111 910 3186 contrarium
927 3113 1008 3186 licet
1038 3132 1200 3187 narrante
1225 3112 1360 3187 Anasta·

149 3208 219 3297 iio,
248 3228 403 3282 attamen
429 3208 660 3298 Anthimum,
684 3207 913 3282 patriarcham
938 3209 1061 3298 CPol,
1086 3231 1192 3305 quent
1221 3206 1360 3308 Justini·

150 3327 234 3383 anus
258 3322 295 3373 et
321 3303 516 3379 Theodora
540 3307 746 3393 tuebantur,
778 3302 1058 3401 Eutychianismi
1091 3324 1130 3377 et
1161 3303 1360 3382 intrufionit

153 3402 192 3481 in
217 3394 332 3472 sedem
359 3399 540 3488 convicit,
565 3423 677 3496 eoque
699 3421 773 3471 rem
795 3399 943 3497 adegit,
964 3418 1003 3473 ut
1030 3399 1139 3476 fuerit
1162 3402 1361 3477 exauoora·

152 3517 229 3583 tus,
256 3488 354 3567 etin
379 3493 454 3585 ejus
476 3496 589 3569 locum
612 3491 775 3568 suffetlus
801 3495 975 3584 Mennar,
1023 3518 1124 3586 uem,
1150 3518 1248 3573 novo
1264 3520 1361 3594 pror·

151 3586 419 3699 sus-exemplet,
459 3587 537 3685 ipso
560 3591 724 3685 Agapeto
753 3587 841 3663 teste
873 3590 912 3665 in
936 3519 1033 3686 epist.
1063 3590 1108 3666 ad
1132 3594 1290 3681 Petrum,
1320 3592 1359 3667 in

150 3685 239 3762 nors
258 3684 400 3760 concrln
415 3680 517 3759 CPol.
535 3683 595 3757 sub
612 3687 750 3759 Menna
765 3706 795 3758 a.
812 3694 918 3780 536„
969 3710 1015 3761 uo
1029 3685 1120 3762 falia
1136 3690 1248 3786 Papae
1260 3710 1359 3762 com·

150 3783 300 3953 grabata
324 3777 423 3871 sunt,
453 3775 509 3853 sua
532 3802 637 3855 manu
664 3780 866 3870 ordinavit,
891 3710 980 3858 nulia
995 3784 1361 3882 convocataSynodo.

179 3874 312 3968 uicepit
352 3897 489 3974 quoque
527 3876 772 3970 profellionem
809 3875 891 3951 fidei
923 3897 961 3954 et
992 3879 1154 3955 Mennae
1194 3898 1233 3955 et
1265 3879 1365 3980 ipfiut

150 3966 365 4080 justiniani,
405 3996 447 4049 ae
478 3971 682 4049 Acoemitnt
707 3972 985 4084 'condemnavit
1036 3973 1144 4084 Qtrod
1177 3977 1292 4076 ipsum
1322 3976 1361 4053 ad

149 4083 368 4171 petitionem
398 4086 437 4146 et
469 4067 595 4171 julium
627 4065 810 4169 Justrnrani
842 4069 965 4159 feciffe
1000 4073 1106 4151 uadit
1136 4072 1367 4185 Pontifimle,
