3008 4830
131 635 177 712 62
514 632 662 734 Historia
685 635 814 738 Eaclas.
833 633 959 738 Christ.

135 833 238 906 nant,
271 812 458 890 instituunt
483 814 670 909 Oratorea3
711 821 860 917 pemmo
892 814 1068 918 exemplo.
1119 816 1206 894 Nec
1231 813 1377 899 melio?

134 936 208 1001 rea,
236 910 260 986 st
284 935 355 986 non
380 912 523 1011 pejores
547 913 684 1004 adhuc,
711 918 855 992 inerunt
883 938 1011 1015 poetae
1037 914 1249 1008 Christiani,
1275 917 1359 1014 qui,

133 1007 241 1083 nimia
266 1027 305 1082 et
332 1008 595 1084 damnandaust
623 1011 789 1104 licentia,
805 1013 967 1107 'gentiles
989 1031 1115 1109 puetaa
1139 1012 1292 1103 imitati,
1315 1014 1365 1089 tui

133 1104 268 1179 santius
292 1105 361 1179 sese
391 1105 518 1189 eodem
552 1108 660 1181 modo
692 1109 940 1199 contuleruut,
979 1132 1050 1207 quo
1075 1106 1114 1181 hi
1141 1108 1185 1182 ad
1210 1107 1363 1184 fiiiitioa

135 1203 252 1291 Deos,
294 1204 464 1300 Deosque.
514 1203 613 1277 Unus
645 1203 705 1280 hic
738 1202 876 1279 abunde
912 1203 1039 1279 sufficit
1070 1202 1283 1279 Prudentius
1320 1205 1361 1279 in

133 1300 222 1373 libro
246 1298 493 1397 Petistepltanon
517 1296 635 1390 dian,
671 1300 730 1373 seu
755 1302 793 1374 lle
815 1302 953 1390 catanis,
981 1324 1051 1398 quo
1073 1299 1197 1398 hymni
1224 1300 1264 1377 in
1290 1299 1362 1373 ho-

133 1418 258 1470 norem
283 1397 457 1470 variorum
482 1413 675 1495 martyrum
701 1395 948 1472 continentur:
984 1395 1044 1472 ubi
1069 1418 1158 1494 quae
1180 1395 1256 1472 dixi
1279 1394 1364 1471 ubi·

134 1515 203 1592 que
226 1512 421 1569 recurrunt.

179 1588 210 1693 §.
234 1591 345 1664 LXII.
380 1608 412 1661 a.
436 1584 644 1662 Saulinrum
663 1584 928 1663 invocationem
951 1586 1113 1686 peperit,
1137 1586 1200 1663 vel
1222 1588 1361 1665 confit·

133 1685 266 1774 mavit,
291 1704 329 1759 et
354 1682 446 1758 haud
468 1705 590 1776 parum
617 1685 821 1780 promovit,
847 1684 973 1783 opinio
997 1683 1043 1757 de
1059 1683 1204 1759 efficace
1229 1707 1360 1762 eorum

132 1781 223 1881 apud
247 1784 362 1854 Deum
387 1779 653 1870 interceffi'one3
679 1793 767 1877 quae
791 1781 878 1857 stcut
903 1800 1005 1856 antea
1019 1779 1090 1874 iam
1117 1776 1278 1876 incepit,
1302 1780 1365 1859 ita·

132 1880 204 1954 hoc
236 1872 480 1953 secuturae
512 1875 681 1965 invaluit,
725 1876 778 1951 uti
811 1901 856 1952 ex
879 1875 1059 1952 autoribus
1092 1873 1200 1949 modo
1233 1875 1361 1953 citatio

131 1973 238 2049 tacite
262 1971 435 2048 elucescit.
482 1965 623 2045 Baliliua
656 1996 711 2049 ea.
737 1995 791 2068 gr.
814 1974 918 2048 'honn
945 1970 1024 2046 XX.
1057 1972 1102 2046 de
1124 1993 1175 2061 40
1198 1979 1362 2071 martyri·d

133 2076 213 2159 uas,
238 2091 299 2143 eos
315 2092 492 2143 communes
518 2085 624 2141 vocat
641 2068 783 2163 cusiales
805 2071 937 2143 lunoni
947 2071 1097 2164 generis,
1122 2071 1275 2142 arationis
1294 2071 1362 2144 auo

126 2169 283 2263 juturna,
323 2168 448 2261 legatas
478 2159 728 2260 patautifflmus:
764 2161 950 2251 secundum
984 2164 1093 2261 Greg.
1126 2160 1223 2239 Nan·
1250 2165 1372 2243 Orat..

133 2262 200 2337 VI.
242 2259 293 2343 tie
317 2261 493 2340 donitianus
515 2259 531 2331 i
551 2255 686 2338 uatem
705 2265 878 2352 namium
909 2263 1095 2337 divinitatio
1123 2259 1361 2356 tanssqaaulae

132 2360 324 2434 mediatores
355 2361 454 2447 sunt,
496 2355 555 2430 ubi
593 2379 708 2434 tamen
742 2359 916 2435 honorent
950 2375 1141 2453 martynum
1166 2357 1205 2431 iu
1228 2381 1356 2433 eorum

132 2455 334 2531 imitatione
357 2455 471 2551 ponit.
522 2452 673 2549 Paſjunt,
714 2457 822 2530 verba
854 2454 933 2529 sunt
955 2449 1129 2527 Ambrosii
1165 2453 1209 2526 de
1236 2453 1357 2528 Wdait

134 2555 206 2650 Op.
232 2571 257 2625 t.
284 2550 328 2622 11.
342 2556 363 2638 ,⁶
373 2568 431 2645 pta
446 2557 594 2646 peccatis
611 2549 726 2644 uostris
743 2574 881 2647 togate,
906 2552 958 2646 qui
973 2545 1298 2646 propriasangnine‚
1318 2547 1357 2643 fi

132 2668 197 2742 qua
220 2648 400 2719 laabuetunt
418 2661 577 2740 paccata,
602 2648 775 2737 lavarunt,
803 2647 860 2745 isli
882 2651 965 2720 euim
978 2643 1061 2743 sunt
1077 2643 1145 2717 Dei
1169 2661 1356 2744 martyres,

133 2741 236 2838 nostri
254 2738 440 2838 praesules,
471 2739 697 2838 speculatores
729 2749 819 2818 vitae
843 2747 1028 2834 anuumque
1063 2741 1246 2835 nutstnatnm.
1296 2742 1359 2816 Sic

134 2858 174 2912 et
197 2840 230 2913 S.
258 2839 433 2927 Felicem,
468 2855 507 2911 ut
532 2835 616 2913 illud
641 2838 853 2936 anticipem,
878 2837 1027 2933 adpellat
1053 2840 1195 2932 patentis
1217 2842 1357 2934 gratiae

126 2933 277 3032 sanilam
300 2937 387 3030 apud
410 2932 566 3030 cirillum
589 2934 746 3011 Paulinus
778 2960 834 3032 ep.
854 2935 933 3009 XII.
962 2933 1005 3006 ad
1027 2934 1208 3009 Severum.
1250 2934 1355 3025 Alia,

135 3032 264 3129 ubique
298 3031 425 3122 obvia,
473 3030 579 3105 mitto
621 3031 839 3123 testimonia,
888 3024 1055 3106 addidiffe
1087 3049 1278 3107 contentus
1307 3053 1358 3108 ex

135 3125 329 3206 Prudentia
353 3132 390 3207 de
414 3135 536 3205 aaronis
562 3129 685 3230 hymn.
709 3133 773 3209 111.
799 3130 838 3208 in
866 3128 931 3205 fin.

330 3321 489 3412 Indignas
512 3316 647 3412 agnosca
673 3336 706 3403 at
721 3318 826 3415 scia,
958 3382 968 3419 ,1

383 3414 490 3518 Quam
517 3410 662 3507 christus
688 3415 753 3510 ipse
777 3418 953 3510 exandiat,

331 3507 398 3582 Sed
416 3527 474 3602 pet
497 3525 649 3604 patronas
674 3513 866 3606 Martyres,

383 3605 494 3704 Potest
516 3607 681 3681 medullam
706 3607 861 3706 consequi.

137 3791 209 3897 Qui
236 3794 407 3893 hymnum
428 3796 488 3908 V,
515 3796 552 3871 in
568 3744 789 3913 'ciprianum
813 3801 870 3877 his
892 3804 1047 3882 versibus
1075 3799 1225 3878 claudit:

230 3989 378 4084 Denique
404 3988 505 4061 aanor
527 3972 615 4062 tunt
638 3991 704 4095 esi,
730 3997 813 4070 ilem
834 4017 955 4093 ¹quaqua
985 4001 1083 4073 Mart
1099 4024 1123 4070 u
1141 3998 1174 4069 in
1195 3980 1355 4091 superis(

141 4110 146 4118 '
179 4187 193 4195 ἡ
280 4083 418 4186 lnstllil
443 4085 495 4158 itt'c
512 4088 674 4183 ltttttt‘net,
697 4091 790 4171 illinc
810 4101 869 4188 pia
894 4096 975 4171 dana
1001 4095 1061 4168 dut
1129 4110 1251 4167 nanus.

1227 4183 1363 4290 Quae
