3008 4830
211 709 279 786 172
598 637 751 781 *Historia
772 680 905 780 Ecclefi¹
920 678 1043 780 christ.

212 866 290 943 dita
316 866 474 953 ratione,
513 863 607 960 quod
631 863 755 939 CPolis
776 862 819 938 srt
843 886 926 940 nora
949 863 1086 937 Romus
1124 880 1228 961 quem
1257 851 1441 936 canonem-

214 966 327 1040 citant
344 981 480 1057 quoque
497 980 534 1034 et
551 959 762 1035 confirmant
780 962 914 1035 Socrat.
941 978 979 1033 et
994 961 1181 1034 Sozomen.
1207 959 1230 1032 l.
1255 981 1288 1035 c.
1303 1010 1315 1049 ,
1342 957 1440 1032 adeo·

213 1081 255 1136 ut
285 1058 329 1132 de
355 1053 575 1154 genuinitate
613 1057 688 1154 ejus
719 1058 850 1129 nullum
885 1054 925 1128 stt
962 1055 1117 1130 dubium.
1173 1054 1259 1129 Nec
1290 1074 1439 1136 tamen,

214 1153 309 1326 puod
332 1151 470 1226 adverti
497 1151 625 1240 velim,
658 1148 732 1225 sedi
762 1155 828 1226 CP.
852 1152 953 1226 datur
977 1147 1219 1248 praerogativa
1238 1151 1438 1248 potestatis,

230 1251 275 1324 ed
291 1253 438 1336 honoris3
463 1247 645 1323 nonenim
671 1253 789 1338 ιξισίικ
803 1248 871 1322 sed
893 1257 978 1345 τιμῆς
999 1265 1236 1323 memorantur
1260 1250 1435 1346 πρεσβεῖα,

216 1363 256 1516 t
276 1344 674 1536 susumus
699 1344 943 1515 {susus
959 1323 1439 1552 assuminus·

219 1539 367 1627 cedon.,
391 1534 567 1632 potestate
590 1535 624 1610 ei
653 1537 689 1607 in
713 1533 893 1610 dioeceses
916 1537 1098 1611 Ponncam
1115 1553 1152 1607 et
1168 1531 1328 1609 ananam
1348 1559 1444 1609 con,

218 1632 329 1723 ceffa,
350 1655 422 1706 non
437 1631 480 1704 ad
496 1631 590 1704 hunc
607 1631 674 1705 CP.
687 1651 878 1719 canonem,
896 1630 954 1705 sed
971 1627 1258 1708 consuetudinem
1277 1649 1440 1720 tanturn,

221 1746 407 1829 provocat.
448 1727 555 1800 Sedes
579 1725 675 1800 euim
700 1725 776 1816 illa,
812 1725 957 1801 honoris
980 1725 1229 1826 praerogativa
1253 1729 1338 1822 Syn.
1368 1729 1439 1802 ΕΡ.

219 1827 320 1915 data,
345 1823 453 1909 elata,
497 1819 588 1896 haud
614 1819 674 1898 diu
701 1821 780 1921 post
803 1820 912 1914 ipsam
938 1820 1150 1919 potestatem
1178 1822 1216 1894 in
1240 1821 1313 1894 isias
1337 1819 1441 1895 dioe-

221 1920 319 1995 ceses
342 1916 405 1992 srbi
427 1916 512 2007 adro
557 1917 630 2008 vit,
656 1936 694 1992 et
709 1918 907 2016 usurpavit:
932 1919 1025 2017 quod
1041 1942 1061 1993 a
1076 1913 1252 2013 Chrysost.
1276 1913 1441 1993 essefac·

222 2033 321 2104 tum,
345 2032 460 2088 nanas
482 2015 519 2088 T
544 2013 703 2090 eodoret.
722 2017 779 2101 H.
805 2017 856 2091 V:
883 2023 942 2096 28.-

271 2109 304 2209 ᾗ.
328 2110 453 2184 CLXI.
492 2109 549 2182 Ex
574 2107 699 2205 quibus
724 2109 945 2185 manifestum
969 2103 1040 2197 est,
1074 2108 1271 2184 Romanum
1294 2107 1450 2206 Episco'

221 2229 308 2305 pum
332 2205 401 2280 hoc
425 2221 593 2301 tempore
607 2226 673 2300 pro
696 2226 766 2277 unu
788 2203 1059 2279 Patriarcharum
1086 2224 1221 2279 tantum
1254 2204 1353 2281 fuisse
1378 2206 1444 2280 ha·

221 2304 359 2393 bitum,
394 2300 547 2397 ejusdem
574 2296 774 2396 potestatis,
806 2322 847 2374 ac
874 2299 1022 2396 reliquos
1054 2299 1288 2393 Patriarchas,
1328 2301 1442 2377 Alex·

112 2403 116 2410 '
223 2399 342 2487 andr,
366 2395 648 2484 Antiochenum,
674 2417 712 2469 et
736 2396 932 2485 CPtanum3
953 2413 1113 2483 tantum,
1146 2398 1272 2471 honoris
1298 2400 1443 2494 respec-

223 2519 286 2586 tu,
305 2497 466 2592 primum,
491 2511 529 2565 et
552 2495 618 2568 ΟΡ.
633 2490 834 2589 secundum,
869 2515 938 2590 quo
960 2490 1165 2566 ¹universalis
1196 2495 1271 2590 ejus
1293 2494 1442 2590 Episco-

223 2612 328 2693 patus
349 2589 534 2665 evideuter
560 2587 741 2662 refutatur.
789 2589 935 2662 Nullum
960 2587 1101 2683 quidem
1126 2612 1197 2662 non
1223 2608 1371 2663 movent
1394 2591 1443 2666 ia·

223 2688 342 2786 pidem
367 2681 739 2775 Romano-Catholici,
763 2703 803 2758 ut
826 2683 911 2758 huic
934 2703 1142 2779 argumento
1167 2683 1345 2760 succidant
1361 2710 1448 2762 ner·¹

227 2805 313 2869 vs,
339 2778 397 2852 sed
421 2778 542 2884 inanes
556 2775 676 2873 passim
695 2777 793 2868 sunt,
818 2780 922 2856 etiarn
939 2779 1153 2854 refutatione
1168 2780 1354 2878 indignae,
1381 2807 1451 2858 eoa

226 2805 894 3067 ζζιιιιιιῑιιιιιιιιιιιι
922 2873 1235 3048 usurus
1250 2878 1453 3052 ‘usu

228 3067 334 3148 nonis
356 3067 443 3145 VIts'
464 3065 643 3161 Nicaeni,
684 3070 744 3167 qui
767 2997 816 3144 qais)
841 3069 965 3146 harum
995 3090 1115 3144 rerum
1148 3027 1279 3165 iupido
1308 3069 1448 3150 consuli

258 3163 360 3243 otest.
408 3163 477 3240 Sed
497 3166 598 3263 plura
629 3165 694 3241 alia
725 3168 933 3264 suppetunt,
981 3163 1104 3262 quibus
1137 3165 1339 3240 universalis
1377 3167 1449 3244 iste

227 3194 461 3357 {piscopatus
493 3261 621 3336 destrui
646 3261 780 3355 potest:
822 3283 971 3356 quorum
1003 3261 1113 3356 aliqua
1145 3259 1292 3336 stristim
1323 3266 1449 3359 prose·

229 3378 317 3433 ram.
368 3376 401 3427 1.
421 3352 699 3448 Independentia
714 3352 987 3451 Episcoporum,
1013 3356 1123 3428 modo
1138 3358 1315 3467 exposita,
1338 3360 1372 3433 ei
1391 3362 1453 3436 dia*

229 3448 329 3528 redte
353 3447 573 3538 adversatur,
599 3467 638 3521 ut
659 3447 759 3522 facile
782 3450 951 3524 cernitur.
1003 3450 1128 3542 Addo,
1162 3452 1293 3528 dutum
1317 3454 1460 3535 Christi*

232 3548 276 3625 ad
299 3545 461 3630 Petrum,
481 3544 579 3640 posce
602 3567 674 3618 oses
699 3568 807 3634 meas,
842 3546 884 3620 ad
910 3547 1033 3622 Omnes
1054 3546 1222 3645 adplicari
1248 3548 1449 3651 Episcopus

232 3647 277 3723 ab
292 3638 501 3726 Ambrosm,
528 3642 681 3736 dignitus.
696 3639 862 3738 sacerdot.
886 3666 962 3740 cap.
988 3667 1022 3719 2.
1071 3666 1104 3720 2.
1131 3646 1232 3721 Circa
1250 3646 1451 3748 Episcopo·

232 3761 312 3818 rum
338 3735 597 3824 ordinationes,
638 3755 737 3814 extra
771 3738 949 3813 dioecesm
982 3738 1270 3835 Patriarchalem,
1312 3745 1358 3818 de
1379 3765 1453 3843 qua

236 3856 344 3927 mon,
368 3832 539 3909 Romanis
561 3831 749 3929 Episcopis
772 3836 862 3909 nulla
886 3834 955 3908 fuit
977 3833 1148 3932 potestas,
1174 3858 1289 3934 partes
1304 3841 1453 3919 suerunt*

233 3934 358 4014 nullae.
406 3933 465 4007 De
486 3928 649 4005 Ecclesris
673 3931 926 4018 Orientalibus,
951 3949 989 4003 et
1005 3931 1284 4010 ordinationibus
1301 3937 1452 4035 Episcoa

487 4025 1012 4228 snsnunu
1028 4028 1454 4210 tustanum

438 4225 446 4239 ,
535 4179 576 4231 :s
1375 4156 1398 4224 Ρ
1451 4179 1482 4187 ·’

236 4277 315 4320 W,
864 4282 877 4290 .
1286 4310 1288 4315 ¹
1322 4224 1452 4307 Theo·
