3008 4830
245 652 301 799 ‘36'
649 691 953 796 muniremus.
981 694 1094 798 ernist.

249 877 403 975 Script,
435 870 624 970 Epistolis,
658 875 703 949 de
730 874 867 950 Officiis
889 893 960 950 etc.
987 875 1168 968 constant,
1201 874 1339 974 optime
1366 877 1469 970 suut-5

137 974 141 981 ’
251 997 273 1048 2
292 995 377 1048 tom.
398 972 435 1045 in
453 973 534 1062 sol,
551 971 655 1046 edita
671 995 690 1044 a
707 969 967 1062 Benedioinis,
986 997 1066 1047 cum
1083 971 1235 1059 eruditis
1242 974 1342 1046 Prole
1372 976 1463 1064 om,-

249 1069 412 1160 devita,
448 1066 624 1141 laboribus
650 1069 746 1164 ejus,
778 1090 820 1141 ac
846 1068 950 1141 uotis.
991 1070 1058 1144 Sed
1076 1071 1187 1166 sermo
1206 1067 1251 1140 de
1280 999 1376 1166 lapsi
1403 1074 1468 1144 vir·

246 1167 333 1259 giliis
357 1161 581 1256 consecratae,
607 1164 717 1260 Oper.
743 1182 770 1235 t.
798 1165 865 1254 IL,
892 1164 966 1260 ejus
989 1189 1062 1239 nori
1089 1163 1158 1254 est,
1192 1187 1261 1237 nec
1285 1170 1396 1239 etiam
1421 1165 1463 1243 ii,-

249 1259 304 1334 bri
330 1262 374 1343 de
390 1260 634 1352 sacramentis,
667 1261 727 1355 qui
753 1257 838 1333 ibid.
863 1258 1069 1355 sequuntur,
1103 1279 1142 1333 ut
1167 1280 1212 1332 eii
1235 1257 1315 1333 stilo
1337 1279 1376 1334 et
1399 1261 1463 1338 elis

247 1355 341 1429 unde
366 1375 475 1453 patet.
528 1353 614 1429 Vid.
639 1353 860 1428 Benedistiui
887 1355 924 1427 in
939 1355 1051 1450 praef.
1076 1351 1275 1453 praemissa,
1307 1355 1370 1452 qui
1391 1356 1458 1429 eti-

139 1465 143 1471 “
246 1473 303 1524 am
330 1452 575 1542 observarunt,
601 1469 757 1522 autorem
783 1448 863 1547 post
885 1449 1116 1544 Augustinum
1143 1447 1287 1540 vixiffe,
1314 1473 1351 1523 et
1373 1472 1462 1527 ante

246 1546 315 1622 sec.
340 1549 426 1623 Vll.
462 1548 584 1619 Solido
607 1569 747 1641 quoque
770 1567 842 1617 non
866 1544 991 1619 nititur
1013 1546 1243 1620 fundamento
1263 1546 1390 1640 opinio
1411 1549 1459 1628 de

244 1641 432 1717 Ambrosio
449 1662 571 1715 autore
590 1640 757 1714 versionis
768 1641 936 1737 Josephi,
951 1640 995 1714 de
1012 1641 1153 1716 excidio
1162 1639 1456 1738 Hierosolymae,

244 1739 303 1834 qui
326 1739 414 1811 liber
438 1736 496 1810 sub
522 1736 666 1809 nomine
694 1735 892 1833 Hegefippi
919 1754 1025 1811 notus
1057 1738 1127 1813 est:
1171 1758 1240 1809 nec
1272 1736 1351 1811 stilo
1382 1739 1459 1834 ejus

240 1839 310 1906 'nec
334 1831 505 1929 personae
531 1831 724 1920 convenit,
750 1832 836 1906 Vid.
861 1832 990 1906 Bened.
1016 1832 1053 1904 in
1078 1832 1214 1926 Ptoleg.
1240 1852 1265 1906 t.
1292 1835 1339 1907 112
1389 1837 1457 1907 Ce-

241 1944 357 2001 terum
380 1927 416 2000 in
440 1926 659 2028 expositione
685 1929 814 2023 Script.
840 1929 873 2001 S.
898 1926 1032 2001 sensum
1058 1926 1263 2000 historicum
1281 1926 1455 2003 levidensi

239 2022 442 2118 perstringit
467 2025 636 2110 brachio,
661 2022 804 2095 subinde
830 2022 1000 2118 negligit,
1033 2023 1218 2111 moralem,
1251 2042 1289 2096 et
1313 2025 1351 2096 iu
1378 2023 1453 2119 pri·

239 2118 307 2192 mis
325 2119 530 2216 mysticum,
548 2117 717 2204 sesiatos,
735 2136 772 2189 et
791 2117 896 2188 duces
913 2118 1068 2215 sequitur
1086 2116 1301 2215 Origenem,
1325 2142 1367 2193 ac
1386 2122 1450 2193 Ba·

238 2213 350 2288 silium
368 2217 446 2303 M.‚
474 2213 530 2286 sed
550 2213 732 2288 Philonem
759 2211 928 2306 Judaeum
955 2215 1056 2308 saepe
1080 2214 1118 2288 in
1143 2213 1301 2309 mysticis
1326 2214 1453 2310 estpri-

238 2310 324 2401 mit,
358 2310 445 2385 adeo
471 2329 508 2381 ut
534 2308 563 2380 is
592 2306 632 2380 sit
657 2306 887 2380 consulendus
910 2308 1009 2404 saepe
1034 2309 1077 2382 ad
1103 2308 1325 2382 Ambrosium
1350 2309 1450 2392 resse

235 2407 463 2503 capiendum:
488 2403 567 2475 stilo
584 2403 625 2475 ad
642 2405 809 2476 Senecam
829 2426 940 2499 prope
964 2404 1156 2478 accedente
1175 2403 1295 2479 utitur.
1344 2406 1449 2480 ciffi·

235 2505 325 2577 doro
350 2525 457 2589 vero,
489 2498 599 2571 divin.
625 2497 703 2571 lesi.
730 2523 761 2572 c.
791 2521 846 2573 ao.
873 2503 966 2571 lanei
982 2498 1141 2595 sermonis
1168 2517 1334 2574 emanator
1359 2500 1449 2583 dicie

139 2648 141 2651 -
233 2617 311 2686 tur,
353 2622 424 2673 cuin
455 2597 623 2689 grouimte
659 2611 798 2682 acutus,
835 2599 1034 2688 perviolenta
1064 2592 1265 2694 persuufiorie
1305 2594 1448 2696 dulciffi·

234 2717 318 2768 iniis.

285 2789 316 2886 l.
344 2789 437 2862 XLI.
470 2788 612 2863 Praeter
639 2789 704 2861 hos
729 2784 942 2860 celebriores
964 2786 1022 2859 alii
1059 2786 1202 2860 fuerunt
1235 2785 1448 2883 scriptores,

260 2910 344 2974 uos,
386 2883 571 2958 brevitatis
598 2908 707 2982 ergo,
751 2901 886 2955 tantum
920 2882 1110 2954 recensebo
1140 2884 1284 2979 aliquos.
1340 2881 1451 2978 Julius

232 2910 392 3056 ilrincas
415 2982 619 3070 Maternus,
647 2978 724 3076 qui,
760 2980 843 3052 dum
867 2976 1011 3075 gentilis
1035 2996 1131 3068 erat,
1159 2999 1320 3073 tempore
1351 2981 1448 3050 Con·

232 3077 438 3167 stant.-M.‚
481 3075 612 3174 scripsit
636 3076 718 3150 otto
744 3074 851 3149 libros
876 3071 1080 3164 mathesios,
1122 3074 1182 3149 seu
1206 3074 1250 3146 de
1275 3072 1451 3168 astrologia

230 3173 517 3270 apotelesmoricu,
552 3173 766 3248 Christianus
792 3173 903 3250 satius
927 3174 1031 3268 longe
1055 3171 1235 3245 utiliorem
1260 3171 1440 3258 exaravit,

229 3270 275 3342 de
290 3291 391 3339 errore
411 3268 628 3358 profanorum
651 3270 711 3337 reli
736 3272 840 3335 ionum
864 3285 987 3336 contra
1006 3266 1184 3352 Gentiles,
1210 3263 1261 3339 ad⁴
1277 3262 1448 3340 Constan-

229 3362 339 3452 tium,
364 3379 401 3433 et
426 3357 674 3445 Constantem,
736 3357 894 3451 ugustos,
922 3358 964 3429 ad
989 3359 1118 3431 calcem
1146 3357 1298 3433 Minutii
1317 3359 1448 3434 Felicis

228 3459 316 3534 edit.
358 3454 524 3530 Woweri
560 3472 598 3527 et
644 3451 805 3528 Ouzeeli.
863 3452 1017 3525 Hilarius
1051 3454 1234 3529 Diaconos
1274 3455 1450 3531 Ecclesiae

222 3558 409 3631 ¹Romanae
444 3574 474 3624 a.
513 3572 595 3644 354.
638 3547 757 3648 postea
788 3548 1053 3638 Luciferianos,
1108 3552 1152 3624 de
1188 3574 1259 3647 quo
1289 3550 1350 3625 suo
1390 3553 1444 3626 lo·

223 3676 292 3737 co,
325 3647 454 3736 faesus,
484 3643 636 3742 scripsit·
650 3641 868 3748 Quaestiones
893 3643 941 3716 V.
969 3664 1007 3718 et
1024 3646 1076 3722 N.
1104 3644 1228 3737 Test.,
1255 3645 1350 3721 iuter
1366 3647 1440 3722 Au·

234 3751 237 3757 ’
275 3743 354 3819 stini
374 3765 498 3838 opera,
525 3757 560 3814 et
575 3734 747 3815 Commenr.
773 3739 816 3813 ad
836 3735 946 3835 Epist.
973 3741 1087 3831 Paui,
1114 3743 1209 3815 inter
1225 3767 1266 3816 ea
1284 3744 1439 3818 Ambro-

215 3773 276 3920 ξιιμ.
327 3838 527 3928 Pharsali,
563 3835 622 3934 qui
646 3835 860 3910 Ariminensi
886 3835 1040 3910 concilio
1061 3835 1245 3930 interfuit,
1271 3857 1309 3910 et
1335 3838 1442 3922 Aria,-

222 3943 280 4021 iiis
301 3935 535 4012 vehementer
551 3930 699 4020 restitit,
727 3929 882 4031 superest
905 3928 992 4004 liber
1017 3934 1297 4010 conrraArionos.
1336 3935 1438 4009 Fabii

217 4037 335 4116 ‘Marii
363 4032 541 4120 Vicissim,
575 4030 635 4126 qui
660 4029 770 4118 Afer,
803 4025 1018 4125 professione
1042 4029 1205 4118 Rhetor,
1236 4033 1341 4106 senex
1367 4030 1442 4106 fac·

212 4128 361 4293 poscis
375 4123 608 4233 Cluiliiuuus,
628 4123 802 4287 ,exstant3
823 4141 991 4287 ‘praeter
1012 4125 1099 4205 alios
1122 4125 1448 4302 trasiatuginpppp
