3008 4830
982 481 987 489 ι
1336 485 1339 491 .

1299 498 1307 511 O

1254 619 1263 635 Ι

134 699 241 788 ,η
312 632 318 643 ’
527 686 682 790 inponat
697 687 990 794 naun-caan·

151 872 247 968 chag.
275 869 382 946 modo
406 870 546 945 citatus.
595 871 777 946 Videntur
804 895 893 946 uero
922 871 1029 948 CPoli
1053 872 1225 949 Cathoiici
1245 882 1374 973 paliis,

148 989 187 1042 et
219 965 427 1042 Donatistae
458 969 605 1040 candidis
636 967 685 1041 usu
720 967 905 1060 vestibus,
953 971 1087 1042 Socrat.
1111 975 1171 1068 H.
1205 974 1273 1048 Vl:
1309 999 1372 1061 aa.

71 1103 74 1109 ·
147 1066 252 1161 Quod
276 1083 458 1159 utrumque
483 1064 590 1139 uitari
618 1065 693 1137 vult
719 1065 930 1160 Hieronym.
956 1089 1012 1161 ep.
1040 1086 1072 1138 a.
1099 1072 1148 1140 *ad
1185 1069 1368 1167 Nepotia-

144 1183 237 1234 num.
287 1160 388 1233 Patet
404 1180 543 1256 quoque
567 1181 613 1232 ex
636 1160 777 1234 sozom.
812 1161 870 1236 H.
897 1164 959 1235 111:
992 1182 1045 1250 14.
1071 1161 1291 1259 Episcopos,
1323 1184 1366 1240 et

66 1259 70 1265 '
144 1255 320 1344 ciericos,
346 1278 366 1329 a
392 1257 535 1351 reliquia
558 1255 763 1330 Christiania
787 1278 859 1331 non
884 1257 982 1331 fuiss'e
1008 1255 1136 1331 vestitu
1160 1260 1365 1338 distincioc.

144 1351 258 1431 Cedro
283 1354 390 1447 digna
416 1360 521 1441 iuni,
538 1349 605 1425 hac
647 1373 743 1440 arte,
768 1357 876 1437 verba
894 1351 1079 1426 coelestini
1096 1357 1207 1450 Papae
1224 1359 1260 1431 in
1278 1360 1366 1434 init.

143 1449 212 1521 sec.
240 1446 439 1543 sequentis,
480 1447 516 1519 in
539 1374 651 1540 Epni.
681 1448 724 1522 ad
749 1448 943 1543 Episcopos
967 1448 1118 1523 Gauiae:
1157 1451 1364 1546 discernendi

143 1568 165 1615 a
187 1545 296 1637 plebe,
322 1549 373 1617 cel
395 1535 528 1630 ceteris,
550 1544 668 1636 siamus
691 1546 851 1630 doctrina,
884 1554 945 1615 n‘on
970 1542 1075 1639 reste,
1100 1550 1362 1642 concerlatione,

141 1661 201 1712 nm
219 1642 352 1724 habitu,
376 1642 494 1711 mentis
504 1641 667 1730 puritate,
691 1661 751 1711 non
768 1641 856 1711 cultu
866 1663 881 1727 ,·
900 1662 994 1727 nam,
1021 1640 1068 1712 iic
1082 1648 1220 1738 pergit,
1237 1645 1273 1737 st
1281 1648 1361 1739 siu·

139 1738 213 1810 dcte
247 1740 422 1827 incipimus
445 1735 615 1822 novitati,
654 1736 809 1807 traditum
839 1737 930 1806 nobis
962 1759 984 1806 a
1015 1735 1171 1811 Patribus
1214 1746 1362 1819 ordinem

141 1837 372 1919 calcabimus,
414 1842 450 1902 ut
491 1832 590 1902 locum
622 1825 838 1921 supervacuis
861 1829 1146 1926 juperflitionibus
1167 1833 1380 1924 saciamin·

3 2004 7 2011 ,
143 1931 294 2001 Ai'cecae
326 1928 516 2001 utebantur
547 1928 729 2021 „satanan
751 1929 853 2021 pallio
875 1930 1115 2020 Picilojopliico,
1140 1933 1210 2002 sed
1229 1936 1364 2011 Clerici

141 2026 255 2120 byrro,
296 2021 413 2096 tunica
437 2026 636 2096 communi:
669 2045 711 2097 ut
739 2045 814 2099 cau.
858 2042 974 2095 12mus
999 2023 1207 2120 Gangreniis
1229 2028 1358 2124 habet,

141 2122 201 2194 uni
222 2119 307 2192 uid.
334 2120 570 2212 Beveregius3
595 2119 730 2210 priores
756 2117 794 2189 in
818 2118 955 2192 Clerum
987 2121 1147 2214 cooptati
1178 2123 1288 2217 ipsum
1313 2129 1361 2203 il·

137 2220 208 2293 lum
230 2212 394 2287 vestitum
422 2217 609 2284 ai'ceucum
633 2213 818 2307 aliquando
842 2211 1168 2303 retinuerunt,·uu]
1194 2220 1238 2291 de
1272 2224 1359 2297 ori.

137 2336 228 2412 gene
262 2309 367 2382 tradit
408 2310 485 2381 Eus.
525 2309 573 2382 H.
604 2307 780 2398 V1:19.,
821 2326 860 2379 et
889 2312 933 2384 de
958 2311 1112 2384 Heracla
1137 2313 1357 2416 Hieronym.

138 2407 365 2485 descriptor.
396 2405 524 2478 Eccies.
1246 2430 1251 2475 ι

183 2505 214 2602 i.
243 2503 437 2576 CLXXVI.
472 2504 640 2596 Sequatur
666 2519 759 2572 nunc
781 2499 954 2599 coelibatus
981 2502 1220 2593 clericorum,
1253 2512 1357 2607 cujus

136 2601 316 2676 historiam
343 2599 537 2668 luculenter
555 2596 750 2673 ,contexuit
775 2598 999 2671 Chemnicius
1025 2599 1061 2672 in
1078 2601 1236 2675 examine
1256 2609 1354 2680 Cun-

137 2697 193 2769 cil.
223 2695 386 2764 Trident.
413 2713 446 2784 p.
475 2692 537 2762 ΙΙΙ.
562 2709 598 2761 et
622 2692 779 2763 Calixtus
801 2695 845 2764 de
872 2699 1019 2789 conjugio
1038 2696 1239 2772 Clericorum.
1293 2703 1358 2777 Li·

137 2809 196 2865 cet
223 2786 600 2874 catholico-Romani,
626 2807 792 2859 uxoratos
815 2787 915 2863 fuisse
939 2794 977 2862 in
995 2791 1125 2864 clerum
1143 2815 1355 2890 cooptatos,

136 2885 351 2970 concedant,
378 2904 439 2953 eos
463 2902 579 2955 tamen
604 2878 721 2974 postea
738 2881 893 2957 debuisse
907 2887 950 2959 ab
974 2887 1136 2960 uxoribus
1152 2891 1356 2988 abstinere,

136 2975 266 3079 etjam
290 2975 403 3053 ordini
437 2977 532 3053 sacro
562 2977 746 3073 adscriptis
771 3002 897 3053 uxores
929 2980 1059 3055 ducere
1092 3008 1163 3059 non
1193 2988 1354 3083 licuiffe,

133 3079 295 3154 statuunt.
324 3075 449 3178 ‚Quod
472 3097 536 3171 per
562 3074 819 3150 omniaverum
840 3075 992 3152 nonest.
1032 3081 1195 3172 Crimen,
1221 3084 1366 3162 Nova··

135 3195 175 3251 to
226 3177 408 3273 resbytero
433 3173 649 3270 inputatum,
673 3171 939 3339 psuoduxorem
956 3176 1133 3269 gravidam
1160 3180 1254 3253 cuce
1268 3206 1356 3279 per·

134 3201 401 3357 cuuirnyeum
423 3290 602 3342 uxoratum
619 3268 669 3341 fui
700 3291 738 3354 e,
763 3267 997 3359 demonstrat,
1016 3274 1181 3369 Cyprian.
1206 3297 1269 3372 ep.
1287 3302 1352 3371 49.

133 3365 178 3441 ad
201 3362 414 3437 Cornelium.
462 3363 551 3434 Cum
574 3365 746 3455 Penytus‚
773 3361 995 3435 Gnoffiorum
1021 3364 1056 3439 in
1084 3373 1185 3445 creta
1201 3371 1352 3466 Episco-

160 3483 220 3548 us,
254 3457 321 3532 sec.
349 3456 394 3530 li.
419 3454 611 3531 coelibatus
636 3456 749 3548 legem
777 3457 886 3529 vellet
913 3457 1166 3555 introduiiam‚
1207 3467 1355 3570 Diony·

131 3486 218 3647 Rus,
244 3548 516 3630 Corinthiorum
535 3549 673 3648 Episc.,
697 3548 847 3637 restitit,
870 3576 972 3647 gravo
997 3581 1075 3631 onus
1093 3564 1365 3661 castitatisfma.

131 3673 220 3732 crum
253 3652 429 3724 cervicibus
460 3653 496 3720 in
516 3646 629 3741 oſsium
662 3645 792 3721 nolens.
825 3647 904 3724 uus.
938 3654 987 3727 H.
1023 3655 1094 3730 IV:
1131 3683 1186 3754 23·
1239 3661 1355 3762 Quod

130 3752 228 3848 idem
252 3769 333 3821 cum
355 3668 514 3819 nonnuii
545 3744 581 3818 in
614 3739 874 3853 synoduNic.
903 3748 933 3820 1.
968 3771 1158 3843 urgerent,
1183 3756 1254 3831 hoc
1278 3761 1364 3837 sec..

129 3844 367 3943 Paphnutius,
400 3840 596 3937 Episcopus
613 3838 889 3945 AEgypuacus,
923 3840 958 3914 se
981 3843 1126 3924 fortiter
1157 3852 1352 3949 opposuit,

10 3963 14 3980 ·
132 3964 172 4022 et
201 3941 382 4018 decaetum
413 3933 483 4023 est,
529 3941 637 4031 cuique
658 3939 759 4028 juam
783 3935 968 4012 libertatem
1001 3939 1062 4038 affe
1084 3949 1359 4044 relinquendam»

131 4039 275 4122 cestibus
298 4035 433 4109 Socrat.
457 4034 507 4107 H.
532 4035 560 4108 1:
590 4053 647 4104 11.
681 4051 719 4102 et
744 4033 932 4105 sozomen.
961 4035 1010 4110 H.
1036 4039 1065 4111 I:
1094 4065 1150 4137 23.
1176 4046 1269 4138 quod
1295 4048 1357 4123 fa.

85 4131 87 4136 ’
129 4136 286 4226 widun
300 4129 441 4216 ,nollem
462 4123 728 4235 pconunciass'et
761 4126 880 4211 valen
911 4128 950 4209 iu
975 4134 1079 4215 notu.
1105 4138 1244 4242 ⁸Quam
1267 4165 1372 4231 ean„

96 4318 103 4330 ·
132 4258 237 4346 ‘issi
696 4292 712 4310 ⁵
746 4297 750 4305 ·
778 4292 803 4311 ··
1272 4235 1367 4321 dem
