3008 4830
293 650 366 737 722
679 626 840 733 &storin
857 624 1130 733 Eccltfisttist.

300 810 436 893 unere.
460 810 530 891 tv.
553 808 599 887 ue
621 804 748 907 naon
776 808 841 885 tac
869 806 1353 907 normannorum
1380 762 1493 913 utto

243 962 255 967 -
303 933 393 989 tuuc
414 906 469 985 est
489 906 555 985 Ori
580 928 684 997 enea,
716 904 813 983 sorte
833 908 873 981 in
899 906 1044 1005 synodo
1066 906 1172 984 cnon.
1195 906 1260 983 sub
1282 908 1425 1001 Mennt,
1447 914 1488 987 sed

300 1008 338 1085 in
363 1008 431 1083 hac
452 1008 526 1105 Syn
575 1026 598 1077 ο
621 1002 832 1079 confirmata
847 998 921 1094 est,
942 1022 980 1079 et
995 1001 1176 1081 solenninr
1189 1002 1296 1079 facta
1338 1006 1494 1119 Praecipu

301 1098 579 1201 origenianismi
602 1098 721 1196 capita
744 1098 910 1190 fuerunt,
961 1102 1144 1177 animarum
1170 1096 1437 1199 praecariam,
1466 1120 1493 1177 tr

298 1204 484 1275 daemonum
499 1194 626 1293 furum
653 1194 837 1295 restitutio,
872 1216 964 1293 qune
987 1195 1156 1275 maximat
1184 1196 1360 1273 dederunt
1384 1198 1493 1289 urban

298 1296 359 1373 sed
380 1295 499 1369 addita
524 1294 603 1368 sunt
624 1290 707 1381 asia,
731 1312 773 1367 ur
798 1292 844 1367 de
865 1291 1059 1369 animarum
1085 1292 1133 1365 ob
1157 1310 1307 1389 peccata
1323 1292 1497 1371 iumiffiont

300 1392 341 1467 in
363 1412 534 1489 corpora,
557 1390 670 1487 magia
692 1386 855 1463 minusve
878 1386 1006 1481 masse,
1026 1386 1165 1485 animae
1187 1384 1326 1465 Christi,
1339 1388 1498 1487 preterii

298 1480 1471 1683 tuinntuss¹u⁰u⁰t¹z¹tt3u³s¹ssu²d22⁶*dit

298 1702 344 1755 cx
370 1676 491 1754 Photii
506 1634 736 1766 collectione,
766 1698 849 1751 cnm
871 1672 1033 1751 versione
1125 1672 1250 1765 duini,
1271 1676 1365 1771 apud
1395 1677 1492 1753 Fab'

298 1776 392 1851 dum
409 1772 495 1850 Bibi.
516 1774 580 1847 Gr.
604 1772 676 1847 vol.
693 1770 759 1847 x1.
810 1770 947 1875 Quibua
959 1768 1128 1867 peraclir,
1150 1773 1403 1879 rriafnpirusn,
1420 1772 1494 1871 post

323 1894 401 1945 nam
425 1886 653 1943 monumenta
683 1868 727 1943 ad
759 1868 854 1943 hanc
873 1866 1009 1943 causam
1031 1869 1253 1967 pertinentia
1299 1866 1500 1945 melediaes

296 1894 395 2056 dent,
419 1986 508 2065 quae
532 1961 570 2039 in
594 1960 698 2039 Auis
719 1962 897 2057 prostant,
930 1962 1010 2039 sunt
1033 1959 1251 2041 anathemati
1292 1962 1452 2061 amena,
1482 1996 1504 2020 ··

294 2081 445 2161 quatuor
466 2060 614 2136 concilia
639 2058 883 2134 Oecumenica
907 2056 1158 2155 praecedentia
1182 2056 1403 2157 confirmata.
1456 2060 1497 2135 In

295 2152 1282 2331 {un{¹{3223usmsstta‘hit‘nuitfflus
1295 2151 1496 2348 3333?

296 2348 494 2428 Theodoro
519 2349 711 2440 inputans,
738 2365 776 2420 ut
800 2368 869 2444 quo
918 2345 1072 2421 Christus
1097 2339 1320 2442 insufflatione
1345 2348 1381 2420 iu
1400 2348 1503 2445 Apus

295 2449 390 2523 roloa
406 2447 487 2543 Joh.
512 2445 592 2518 XX.
615 2441 695 2539 ipsu
721 2445 800 2517 adiu
823 2464 896 2516 non
920 2442 1060 2517 dederit
1083 2442 1275 2539 Spintum,
1303 2443 1365 2517 sed
1385 2442 1495 2541 figura

294 2543 360 2620 tim
379 2562 535 2629 tantum,
562 2541 722 2633 quodque
740 2538 899 2611 Thomas
916 2537 1088 2612 Christum
1111 2559 1179 2611 non
1204 2538 1433 2635 adpellavcrit
1447 2540 1493 2613 Dr

292 2642 413 2715 minum
438 2659 539 2706 mcum
564 2650 597 2704 tt
620 2632 728 2703 Deum
753 2658 878 2723 nzcnm,
903 2633 980 2725 sed,
1006 2632 1277 2710 admiraculum
1302 2634 1503 2733 stupefacto

293 2728 577 2818 resurrectionis,
617 2727 869 2826 glorificaverit
894 2731 1032 2821 Deum,
1073 2728 1133 2827 qui
1160 2752 1244 2805 eum
1277 2730 1496 2807 resuscitavit

294 2829 446 2931 Quando
470 2829 620 2901 resumta
643 2824 695 2900 est
718 2824 885 2921 Origenia
924 2827 1045 2915 causa,
1086 2845 1230 2924 propter
1273 2826 1487 2926 Origenistar

295 2923 505 3024 Evagrium,
538 2922 754 3021 Didymum,
787 2942 824 2995 et
856 2921 1087 2997 Theodorum
1118 2921 1211 2998 illum
1243 2924 1319 3019 Cap
1347 2924 1488 2998 adocem

292 3025 671 3120 supramemoratum,
696 3019 755 3115 qui
774 3015 970 3115 Origenem
993 3040 1064 3095 non
1097 3016 1272 3093 cessabant
1332 3019 1497 3094 esendere

289 3116 485 3215 Justiniano
511 3115 628 3215 itaque
652 3114 812 3212 roganti,
836 3115 987 3212 quidde
1017 3112 1183 3212 Origenia
1198 3111 1431 3190 sectatoribus
1445 3113 1496 3190 sta

292 3213 462 3288 ruendum
486 3212 550 3304 stt,
577 3212 758 3306 respondit
780 3212 958 3308 synodus,
993 3210 1122 3308 sejam
1146 3208 1321 3284 dnmuaffe
1348 3210 1495 3310 Origen'

317 3304 439 3395 incita,
480 3328 517 3382 et
539 3309 701 3385 damnare
724 3307 830 3384 etiam
855 3332 943 3406 quae
968 3332 990 3384 a
1011 3303 1237 3382 sectatoribur
1273 3304 1366 3384 dicia
1397 3332 1483 3386 eran

289 3334 405 3494 xlm„
431 3423 572 3496 praeter
595 3406 700 3494 alios,
725 3402 893 3500 Euagrius
920 3402 970 3478 H.
994 3403 1063 3479 IV:
1092 3426 1150 3495 3¹·

339 3501 373 3602 s.
398 3497 657 3574 CCLXXXlX.
727 3501 796 3574 uod
822 3500 865 3572 ad
888 3500 1025 3599 Synodi
1048 3498 1196 3588 effecta,
1223 3518 1260 3573 et
1284 3498 1492 3599 consequen

291 3599 362 3686 tia,
381 3594 535 3684 adtinet,
560 3595 707 3692 Origeni
740 3619 799 3683 ae,
825 3615 862 3667 et
879 3617 996 3671 motus
1010 3620 1151 3682 eorum,
1168 3594 1272 3670 brevi
1288 3596 1429 3691 quidem
1447 3623 1482 3669 r·

290 3688 899 3882 iiefflnsffptnstiodia{iiiii
914 3690 1415 3865 dissensistis&
1430 3692 1493 3865 {i

291 3815 356 3975 παῖ
375 3904 441 3977 per
464 3881 678 3960 Anastasrum
703 3884 859 3972 Ducem,
900 3813 1036 3982 {initui
1054 3887 1097 3958 ab
1128 3882 1324 3961 Eustochio
1354 3885 1493 3962 Patriar

292 3984 378 4066 cha,
404 3983 470 4053 ouo
492 3981 610 4057 Mens.
635 3979 711 4081 post
736 3982 927 4080 synodum.
976 3984 1016 4056 In
1041 3980 1115 4055 vita
1142 4004 1230 4057 vero
1256 3983 1369 4058 Sabae
1393 4006 1496 4058 narra

290 4076 440 4181 Cyrinus
467 4076 797 4177 Scythopolitanur,
828 4074 1019 4177 Ecclefias,
1056 4075 1137 4178 post
1159 4079 1345 4177 synodum
1375 4081 1495 4159 abeo

293 4198 298 4205 '
1433 4198 1501 4253 furt
