3008 4830
85 31 1498 412 —

1097 484 1100 491 .

126 526 130 535 r

224 663 297 756 134¹
611 630 912 752 ffistorio'Eccles.
936 650 1052 755 Christ.

223 832 299 925 nir,
330 852 368 910 et
392 851 620 930 magnacum
646 852 781 931 pompa
810 832 924 924 seila,
966 831 1163 931 consecratio
1187 855 1332 924 eorum,
1362 836 1455 912 ante'

224 930 295 1006 hoc
316 928 467 1005 seculum
495 926 676 1020 inusitata,
717 930 778 1003 sed
805 953 899 1004 nunc
927 951 1066 1027 quoque
1089 956 1156 1027 pro
1181 927 1367 1006 necessaria
1389 933 1455 1008 ha·

225 1024 318 1116 bita,
340 1025 390 1100 ita
418 1044 458 1100 ut
482 1024 616 1100 nullum
638 1024 678 1100 in
702 1024 745 1100 iis
768 1025 947 1117 officium,
990 1026 1055 1101 nisr
1085 1051 1127 1102 ea
1149 1024 1350 1126 praegressa
1357 1077 1372 1114 ,
1415 1029 1456 1104 li⁴

224 1119 342 1198 cuerit
365 1118 507 1219 peragi,
539 1141 695 1218 excepto
719 1120 797 1196 casu
822 1121 1121 1214 extraordinari03
1162 1141 1202 1198 ut
1227 1147 1273 1198 ex
1302 1122 1457 1221 apologia

225 1217 403 1292 Athanafii
427 1217 540 1315 prima
563 1217 606 1292 ad
632 1216 877 1294 Constantium
901 1218 1121 1297 manifestum
1137 1218 1200 1294 est
1253 1220 1335 1316 Ipse
1353 1226 1456 1297 enim

224 1313 320 1412 l'roc,¹
342 1317 433 1410 quod
459 1312 616 1387 criminis
640 1314 723 1388 loco
745 1315 780 1387 ei
808 1319 1128 1411 erat'inputatunr,
1160 1340 1180 1389 a
1204 1314 1238 1389 se
1261 1317 1296 1388 in
1325 1337 1455 1414 magna

225 1404 379 1483 Ecclesia
396 1409 631 1484 Alexandriae
654 1409 785 1484 factum
812 1430 897 1485 ante
924 1412 1207 1501 dedicationem,
1236 1411 1378 1485 excusat
1404 1422 1455 1489 ex'

227 1504 440 1585 neceffitatis
466 1505 556 1605 lege.
608 1502 732 1579 Flebat
763 1510 983 1603 consecratio,
1024 1531 1112 1602 quae
1145 1507 1295 1581 solennis
1324 1508 1454 1583 Eccle-

228 1599 294 1692 siae
326 1605 443 1675 erat'a
468 1601 651 1675 communi
674 1600 734 1675 usu
776 1606 817 1676 ad
844 1604 974 1678 cultum
988 1603 1071 1679 'Dei
1105 1600 1298 1700 separatio,
1339 1604 1454 1681 etiam

227 1697 385 1771 dedicatio
407 1695 595 1795 adpellata,
618 1699 661 1770 ab
690 1695 866 1796 Episcopo
893 1698 1105 1788 dioecesos,
1141 1699 1240 1796 eujus
1273 1699 1453 1775 hocerat

226 1791 473 1890 privilegium,
506 1812 553 1867 ut·
572 1815 725 1876 canones
748 1792 979 1868 Ecclesrastici
995 1797 1147 1884 habent,
1171 1817 1237 1890 per
1253 1792 1451 1897 gratiarum

229 1885 408 1979 acliones,
432 1911 577 1988 preces,
620 1907 658 1962 et
682 1887 864 1980 homilias,
890 1887 961 1964 srve
994 1889 1033 1963 in
1048 1892 1184 1964 laudern
1200 1888 1451 1983 conditorum,

227 1984 301 2059 live
319 1982 482 2062 Basrlicae
506 1985 518 2060 i
545 1983 628 2075 sius,
652 1983 725 2058 srve
750 1986 797 2059 de
815 1988 878 2060 alia
899 1984 1038 2062 materia
1055 2009 1231 2083 congrua,
1254 1985 1453 2062 accedente

227 2079 469 2157 celebratione
515 2080 671 2178 ynaxios.
700 2079 787 2156 vid.
813 2082 941 2158 Euseb.
965 2080 1028 2157 vit.
1063 2079 1181 2156 Const.
1207 2082 1277 2155 lV:
1311 2103 1373 2172 45.
1410 2086 1452 2158 et'

228 2173 280 2249 Η.
304 2177 350 2252 X:
376 2200 409 2272 3.
432 2201 468 2270 4.
517 2176 618 2255 Aliae
648 2173 866 2251 cerimoniae
896 2177 968 2252 hoc
998 2194 1163 2274 tempore
1194 2175 1336 2273 ignotae
1369 2177 1451 2253 fue·

231 2292 326 2357 runt.
378 2275 436 2348 De
469 2277 654 2369 euoponylp
677 2275 784 2347 trucis
809 2273 959 2347 creditne
981 2271 1019 2347 in
1044 2275 1144 2363 loco,
1176 2275 1235 2346 ubi
1259 2291 1332 2347 erat
1353 2274 1455 2348 aedio·

229 2364 367 2444 srcanda
390 2368 563 2463 Ecclesia,
588 2369 710 2468 postea
735 2365 955 2460 introducta,
979 2368 1052 2444 vid.
1078 2371 1247 2466 Bevereg.
1272 2369 1315 2442 ad
1342 2392 1452 2443 cano·

229 2478 294 2540 nes
319 2464 459 2540 concilii
480 2464 636 2543 Nicaeni
657 2465 799 2554 fhtundr‘.
846 2463 1000 2541 Acceffit
1022 2489 1160 2563 quoque
1177 2466 1277 2540 brevi
1295 2465 1453 2633 religatio·

228 2584 302 2634 rum
325 2558 499 2638 transsatio
525 2562 564 2638 in
586 2561 797 2650 Ecclesiam,
831 2583 918 2655 quae
943 2560 1152 2636 necessariae
1180 2558 1259 2634 sunt
1291 2583 1350 2634 cre
1378 2563 1453 2636 itae

231 2658 276 2729 ad
299 2656 615 2732 consecrationem.
665 2656 771 2754 Quod
794 2658 943 2750 primurn
967 2657 1089 2754 coepit
1122 2653 1158 2729 in
1181 2657 1342 2730 Romana
1381 2657 1454 2731 Ec·

233 2747 354 2839 clesra,
379 2750 463 2826 inde
484 2752 527 2828 ad
553 2753 633 2827 alias
659 2771 767 2826 terras
792 2750 892 2826 brevi
917 2770 1162 2851 propagatum.
1194 2748 1314 2825 Postea
1336 2750 1454 2828 adlruc

232 2845 292 2922 alii
316 2846 404 2921 ritus
429 2847 467 2922 iu
492 2848 552 2923 usu
575 2845 645 2928 effe
678 2867 892 2944 coeperunt,
919 2872 975 2924 ex.
1006 2871 1058 2946 gr.
1090 2845 1316 2944 adspersionis
1347 2870 1452 2944 aqua·

234 2965 339 3034 rurn,
382 2942 625 3029 inundionum
660 2960 697 3018 et
730 2942 1065 3034 thurificationurn,
1096 2965 1142 3017 ex
1174 2945 1269 3020 cultu
1308 2940 1454 3018 Leviti=

210 3063 292 3119 co.
344 3038 402 3113 De
427 3043 550 3138 quibus
573 3040 633 3116 hic
657 3060 730 3114 non
753 3037 805 3115 est
820 3040 946 3139 agendi
974 3042 1081 3114 locus.
1132 3039 1201 3114 Sed
1224 3041 1355 3114 summa
1373 3038 1451 3137 jam

237 3160 318 3214 curn
349 3138 612 3237 magnificentia
644 3137 775 3216 solebat
809 3138 879 3212 hoc
910 3136 1163 3221 encoeniorum
1196 3133 1322 3210 festum
1356 3139 1452 3212 cele*

233 3236 349 3322 brari,
382 3238 529 3332 ingente
554 3259 633 3307 cunr
655 3234 851 3308 Praesulurn
882 3234 1073 3320 confluxu,
1106 3231 1157 3305 ita
1182 3250 1221 3305 ut
1246 3250 1322 3306 tota
1344 3228 1453 3331 syno-

238 3329 301 3402 dus
333 3327 433 3420 saepe
458 3329 567 3401 fuerit
602 3350 647 3397 eo
676 3344 838 3421 tempore
863 3325 1006 3416 coada,
1045 3347 1083 3399 et
1108 3326 1283 3402 orationes
1311 3350 1455 3425 quoqne

236 3425 281 3501 ab
305 3420 399 3510 aliis,
431 3441 570 3519 praeter
594 3417 808 3589 Episcopum
832 3417 1039 3513 diaecelios,
1080 3421 1220 3495 habitae
1244 3422 1331 3514 lint,
1365 3418 1451 3501 Eus.

237 3523 263 3598 l.
287 3542 319 3594 c.
344 3517 479 3591 Socrat.
506 3519 556 3593 H.
581 3516 610 3589 1:
638 3521 694 3594 28.
748 3519 979 3593 ozomen.11:
1012 3523 1069 3594 26.
1113 3518 1218 3592 Soliti
1243 3518 1351 3593 etiarn
1375 3520 1455 3596 sue

240 3633 322 3692 runt
354 3610 444 3686 sesto
478 3610 711 3687 dedicationis
741 3612 892 3780 epulari,
930 3615 973 3690 ad
1005 3635 1107 3688 exem
1136 3614 1206 3688 lum
1243 3613 1455 3695 Gentilium.

238 3711 346 3816 Quod
375 3728 519 3805 propter
548 3705 687 3781 abusum
711 3729 760 3803 po
793 3731 833 3783 ea
858 3707 930 3783 fuit
958 3709 1088 3785 interdi
1127 3735 1194 3785 unr.
1237 3711 1325 3787 Vid.
1349 3714 1456 3787 Sava·

231 3826 281 3885 ἰο
305 3806 348 3880 ad
374 3803 494 3878 Sidon.
518 3807 551 3878 A
579 3803 674 3878 ollin.
697 3803 719 3876 l.
745 3803 813 3880 IV.
834 3827 890 3902 ep.
914 3828 970 3897 15.
1019 3808 1096 3879 Irno
1113 3805 1173 3880 hic
1187 3804 1259 3904 ipse
1275 3807 1351 3882 dies
1364 3827 1456 3882 nort

240 3902 341 3987 nullis
372 3899 410 3974 in
443 3827 607 3977 Eccleiis
638 3900 752 3974 locum
785 3898 879 4009 inter
912 3901 999 4010 fella
1030 3900 1265 4012 anniversaria
1295 3908 1377 3979 acce
1404 3901 1457 3984 it:

223 4003 380 4076 'Sozom.
406 3998 484 4073 lc.
536 3999 620 4073 Erat
641 4012 758 4069 autem
783 3995 860 4070 dres
893 3995 1128 4071 dedrcauonrs
1159 4018 1231 4069 non
1264 4019 1349 4073 nece
1380 4000 1460 4077 ario

224 4092 469 4204 ¹Doraainicus,
500 4093 559 4170 sed
584 4093 669 4172 alius
702 4089 967 4192 qualiscunque,
980 4115 983 4120 ·
998 4111 1038 4169 ut
1058 4090 1133 4191 jam·
1148 4089 1349 4171 observavit
1373 4090 1470 4268 Pagii

231 4213 256 4223 ··
278 4215 293 4226 ··
1423 4214 1443 4268 a
