3074 4838
522 636 578 749 ’-.-
695 658 872 739 teuta
961 704 964 711 ·
1317 680 1391 758 rst

167 829 252 922 bur,
294 831 434 911 numo
475 854 515 911 et
547 836 655 929 Eva,
681 840 768 915 ellet
801 831 1032 910 derivandum
1072 853 1105 906 a.
1141 828 1166 905 sr
1198 850 1385 928 peccatum

148 923 338 1023 originale
379 933 422 1007 stt
453 932 739 1028 intelligendum,
782 933 865 1007 illud
900 952 971 1005 non
996 928 1039 1003 ad
1071 951 1176 1001 ornnes
1199 929 1379 1024 pertinet,

166 1042 250 1096 cum
280 1027 375 1100 multi
409 1025 589 1117 dicantur,
629 1050 667 1103 et
699 1028 825 1104 Cbristi
852 1026 985 1124 justitia
1018 1044 1089 1096 non
1125 1023 1165 1097 lit
1207 1025 1376 1101 omniurn.

168 1115 270 1219 Quae
293 1145 384 1194 vero
402 1143 447 1194 ex
462 1123 630 1220 baptismo
646 1124 839 1213 inlautum,
865 1148 910 1196 ex
944 1120 1040 1193 malis
1073 1140 1108 1192 et
1145 1141 1261 1193 morte
1294 1142 1380 1194 tem·

166 1217 305 1310 porali,
338 1219 557 1311 protulerunt
582 1221 777 1310 Catholici,
820 1241 930 1293 novas
955 1235 1171 1313 pepererunt
1205 1215 1381 1315 quaestio·

167 1330 254 1398 nes,
278 1312 323 1382 de
347 1312 468 1407 quibus
495 1339 590 1392 mox.

216 1402 253 1571 i·
278 1408 385 1482 CLll.
425 1404 684 1487 Catliolicorum
727 1410 881 1487 rationes
920 1429 1105 1505 antequam
1146 1406 1185 1481 in
1226 1406 1382 1482 medium

168 1497 349 1591 aderam,
388 1523 456 1600 qua
484 1506 619 1581 ratione
653 1527 857 1606 argumenta
887 1506 1150 1600 Pelagianorum
1183 1503 1377 1594 solverint,

172 1618 373 1690 exponam,
390 1622 471 1675 cum
481 1602 769 1691 ratiociniorum,
787 1623 859 1676 tum
870 1602 998 1697 Script.
1009 1603 1188 1689 locorum,
1206 1597 1376 1693 respectu.

170 1688 276 1794 Quod
299 1694 342 1767 ad
360 1695 456 1790 prius
483 1698 630 1773 adtinet.
687 1724 720 1776 1.
743 1702 931 1773 Peccatum
956 1697 1119 1792 quidem,
1146 1714 1315 1792 quatenus
1340 1696 1383 1766 ab

169 1785 318 1861 homine
342 1790 423 1864 ablu
445 1813 620 1888 patratur,
662 1795 733 1868 elle
761 1795 1016 1881 voluntarium,
1057 1813 1094 1864 et
1124 1791 1174 1865 ita
1206 1791 1383 1864 Adamutn

168 1882 350 1978 peccalle,
375 1885 560 1977 dixerunt,
584 1892 677 1985 quod
702 1889 902 1977 fortiffime,
927 1906 1032 1960 etex
1058 1887 1158 1960 nobis
1183 1886 1282 1982 ipsis,
1307 1907 1383 1959 nou

168 1979 217 2051 ab
242 1978 304 2052 alia
328 1982 428 2056 causa
449 2003 548 2057 extra
572 2007 653 2075 nos,
679 1978 771 2072 elle,
796 1981 945 2057 adseruit
966 1982 1165 2054 Ambrosius
1191 1982 1229 2054 in
1254 1983 1386 2056 hexae-

173 2093 263 2148 mer.
285 2075 309 2149 l.
334 2078 363 2150 1.
394 2098 425 2151 c.
463 2086 517 2167 8.,
550 2077 607 2152 led
642 2082 686 2154 de
714 2079 875 2176 originali
888 2096 1052 2172 'peccato
1075 2095 1265 2172 negarunt,
1303 2100 1386 2151 cunr

169 2165 319 2244 illudio
343 2173 649 2269 coucupiscentia,
683 2196 703 2248 a
756 2175 935 2248 arentibus
959 2191 1169 2269 propagata,
1205 2169 1305 2246 sttum
1330 2171 1384 2248 stt.

172 2283 209 2336 a.
233 2264 338 2338 Licet
355 2288 540 2376 peccatum
557 2292 627 2346 non
647 2270 689 2344 srt
729 2270 922 2359 obstantia,
946 2287 1121 2356 attamen,
1147 2288 1226 2339 cunt
1253 2267 1295 2340 stt
1313 2266 1387 2362 pri·

169 2360 274 2433 vatio
301 2363 392 2452 Det,
417 2365 555 2463 ejusque
570 2364 847 2453 communionis,
879 2362 1016 2453 anima,
1049 2385 1091 2435 ea
1118 2383 1178 2457 pet
1200 2381 1386 2459 peccatum

172 2474 318 2545 carent,
349 2480 458 2556 aeque
485 2464 697 2559 languescit,
722 2484 764 2536 ac
787 2483 915 2557 corpus
937 2457 1020 2531 cibo
1045 2455 1267 2548 destitutum,
1300 2459 1387 2532 licet

169 2570 217 2623 ea
240 2551 391 2628 carentia
412 2557 543 2632 nonsit
569 2558 773 2648 substantia,
796 2552 979 2651 Augustin.
1003 2554 1189 2627 denatura
1216 2572 1249 2628 tt
1270 2558 1385 2649 gratia

172 2666 207 2719 c.
235 2667 292 2720 20.
341 2672 374 2744 3.
398 2651 583 2729 Peccatum
608 2655 779 2751 originale
809 2651 852 2726 ad
878 2652 1011 2725 liberor
1027 2672 1278 2747 propagatum,
1311 2673 1384 2727 nou

172 2742 334 2815 censetur
359 2745 530 2840 alienum,
566 2749 623 2823 sed
647 2749 851 2846 proprium,
868 2771 962 2821 -cutn
986 2747 1069 2820 illud
1096 2770 1160 2843 per
1184 2747 1385 2843 generatio·

172 2857 257 2911 trem
280 2843 470 2917 naturalem
501 2843 737 2939 participent,
778 2861 816 2914 et
847 2843 885 2914 in
915 2841 952 2915 se
985 2841 1147 2916 babeant.
1198 2840 1385 2936 Augustin.

172 2931 219 3007 de
248 2952 449 3029 peccatorum
480 2944 587 3013 merit.
630 2956 663 3009 tt
696 2935 812 3030 remlff.
866 2938 929 3009 111:
962 2943 996 3013 8.
1034 2960 1069 3026 4.
1093 2939 1280 3010 Peccatum
1319 2959 1386 3032 pro

172 3049 291 3124 poena
311 3029 433 3103 baberi
458 3055 530 3106 non
554 3029 652 3131 polle
674 3051 777 3129 negat
800 3028 1012 3123 Augustinus
1035 3032 1080 3103 de
1104 3050 1226 3107 notura
1250 3048 1282 3104 tt
1303 3054 1387 3127 gru·

172 3125 227 3196 tio
255 3145 332 3217 cap.
361 3146 418 3200 aa.
466 3131 554 3202 Cum
582 3125 675 3201 enim
700 3128 796 3201 Deus
816 3124 998 3197 hominem
1024 3145 1172 3220 propter
1198 3149 1386 3222 peccatum

170 3215 321 3304 deserit,
353 3218 391 3289 in
415 3223 555 3316 graviut
575 3223 646 3297 ruit
669 3242 709 3296 et
733 3219 909 3306 deterius,
941 3237 979 3290 et
1003 3217 1054 3294 ita
1077 3219 1192 3293 indies
1225 3244 1384 3301 corrum-

172 3308 295 3409 pitur,
321 3335 406 3407 quae
431 3339 515 3392 vera
541 3340 654 3417 poena
672 3316 742 3408 est,
769 3336 808 3390 ut
832 3339 877 3389 ex
900 3315 1008 3388 Rom.
1031 3315 1061 3390 l.
1085 3318 1227 3411 probat;
1254 3320 1385 3417 absque

172 3423 294 3481 tamen
324 3426 362 3479 ut
385 3410 483 3485 Deus
507 3414 548 3489 srt
576 3414 651 3512 ejus
673 3435 795 3503 autor,
832 3410 893 3508 qui
917 3407 1061 3506 gratiam
1098 3428 1229 3487 tanturn
1253 3417 1385 3490 subtra-

174 3501 243 3579 hit.
268 3524 302 3593 5.
329 3523 366 3576 et
384 3513 417 3580 6.
465 3509 536 3583 Etsr
571 3531 757 3606 peccatum
787 3507 1008 3595 remittatur,
1049 3525 1166 3581 tamen
1200 3511 1385 3602 corruptio

176 3621 251 3675 non
278 3598 421 3695 penitus
444 3605 618 3695 aufertur,
652 3627 720 3678 nec
734 3603 842 3676 etiam
867 3599 1150 3698 concupiscentia
1167 3606 1300 3692 carnis,
1335 3606 1386 3679 se·

175 3696 329 3770 cundum
364 3720 465 3793 quarn
496 3699 678 3774 libidinem
701 3719 930 3795 procreantur
957 3698 1080 3787 liberi,
1121 3716 1159 3770 et
1203 3720 1388 3790 peccatum

205 3813 407 3887 ropagatur,
446 3795 631 3890 Augustin.
656 3794 701 3867 de
722 3810 850 3889 peccat.
875 3817 952 3869 rner.
987 3811 1019 3866 tt
1051 3798 1130 3867 remi
1159 3848 1167 3865 .
1200 3793 1247 3865 ll:
1281 3817 1315 3883 9.
1351 3823 1387 3893 7,

177 3814 280 3959 gicut
315 3886 465 3963 infantes
499 3915 519 3965 a
549 3890 753 3986 parentibus
795 3889 927 3962 habent
968 3887 1118 3978 concupi
1137 3888 1289 3964 centiam
1328 3917 1392 3986 per

141 4037 144 4042 -
177 3979 370 4057 naturalem
393 3987 679 4078 generationem,
721 3984 770 4058 ita
805 3983 912 4057 etiam
945 4007 1008 4079 per
1041 3977 1217 4058 Christum
1247 3989 1392 4080 partici-

182 4087 271 4175 pant
307 4080 544 4161 retuiffionem
574 4100 804 4254 peccatorAum
848 4102 929 4155 cnm
962 4075 1204 4176 baptizantur,
1233 4079 1296 4153 ersi
1314 4081 1398 4251 gelu

774 4194 897 4273 aaa3
1243 4194 1314 4248 oon
1340 4194 1399 4256 tut
