3008 4830
156 687 207 767 60
540 680 689 782 Historia
712 681 838 783 Eccles.
865 679 978 784 Christ.

160 888 235 943 nos.
283 864 341 940 De
366 864 555 959 Angelius,
590 864 632 937 ab
656 864 875 961 Angelorum
901 864 996 938 cultu
1023 858 1155 939 nomen
1183 863 1318 957 itastis,
1340 865 1382 941 il·

159 963 218 1038 lud
245 965 290 1035 eri
315 961 345 1032 E
372 962 487 1057 iphan.
514 959 609 1034 haer.
636 961 712 1034 LX.
743 961 963 1034 Theodoret.
993 959 1033 1032 ad
1060 960 1126 1055 Ep.
1160 960 1202 1033 ad
1230 967 1310 1038 Col.
1336 964 1387 1039 11.

161 1078 198 1130 et
229 985 376 1153 Augus.
414 1057 459 1130 de
490 1053 620 1130 haeres.
658 1055 879 1130 manifestum
912 1055 972 1130 est.
1033 1055 1206 1130 Observat
1239 1080 1409 1156 quoque¹

161 1152 408 1243 Theodoreu,
436 1152 507 1225 hoc
520 1151 633 1226 adhuc
658 1171 821 1248 tempore
840 1152 876 1224 in
894 1151 1018 1224 Pisidia
1034 1172 1069 1223 et
1088 1151 1239 1250 Phrygia
1266 1157 1305 1228 in
1325 1152 1387 1228 usu

159 1246 261 1322 fuisse
278 1249 492 1346 Angelorum
517 1248 668 1335 cultum,
697 1267 734 1321 et
751 1247 936 1320 Michaelis
963 1248 1135 1336 oratoria,
1162 1250 1269 1345 eique
1289 1262 1390 1329 con-J

156 1344 329 1419 suetudini
365 1345 565 1443 oppositum
599 1344 701 1418 fuisse
732 1366 903 1417 canonem
937 1343 1205 1432 Laudicunum,
1246 1347 1382 1438 addit,

155 1439 250 1612 qqod
276 1464 418 1515 omnem
451 1441 725 1538 qualemcunque
758 1440 976 1605 Angelorum
1010 1440 1275 1514 invocationem
1307 1443 1373 1514 de·

208 1535 278 1628 uit,
303 1560 363 1611 eos
386 1538 548 1611 homines
565 1536 718 1634 putasse,
743 1533 803 1606 sibi
854 1558 933 1608 eum
952 1556 1025 1607 non
1040 1535 1145 1606 licere
1162 1535 1281 1623 adire,
1307 1534 1377 1611 nisi

98 1694 102 1701 .
153 1632 390 1708 mediantibus
414 1633 571 1728 Angelis.
621 1630 707 1706 Vid.
742 1629 847 1703 etiam
881 1629 966 1704 ibid.
1001 1631 1042 1702 ad
1077 1652 1108 1702 c.
1145 1632 1210 1705 Ill:
1248 1653 1306 1723 17.
1339 1651 1382 1707 et

153 1727 420 1825 Chrysostomus
453 1729 550 1801 hom.
586 1728 625 1800 V
652 1745 690 1799 et
715 1726 799 1800 VII.
829 1725 874 1799 ad
900 1727 967 1835 Ep.
1001 1727 1043 1799 ad
1070 1725 1196 1802 Colols.
1247 1730 1383 1804 Canon

152 1850 243 1903 vero
275 1822 340 1896 iste
367 1824 464 1897 cusus
496 1820 547 1896 est
579 1823 615 1896 in
651 1822 805 1895 concilio
831 1823 1055 1905 laodiceno,
1100 1820 1178 1911 post
1210 1824 1380 1904 medium

150 1922 244 2007 sec,
269 1917 387 2016 estque
406 1944 424 2017 3
429 1937 526 2010 stus,
550 1942 621 2016 quo
638 1918 764 1991 diserte
781 1936 922 1992 vetatur
943 1925 1077 2010 eppinus
1092 1915 1244 2010 -ὀημάζεπ
1266 1943 1374 2012 unge·

150 2019 200 2095 los
219 2018 400 2106 nominare,
426 2015 559 2088 scilicet
586 2011 769 2122 religiose,
796 2031 833 2086 et
852 2013 1067 2087 idololatrae
1092 2016 1237 2084 numine
1265 2036 1372 2089 nota·

149 2132 227 2185 tur:
269 2110 328 2207 ubi
353 2111 424 2184 vid.
455 2114 624 2203 Bevereg.
659 2133 695 2180 rn
725 2109 884 2182 Pandeel.
913 2131 1037 2181 canon.
1088 2108 1145 2181 De
1175 2109 1245 2179 Coll
1264 2112 1374 2185 ridia·

148 2211 223 2296 nir,
256 2205 302 2280 stc
329 2207 452 2296 dislis,
485 2203 578 2301 quod
606 2197 654 2277 nir
671 2201 830 2301 nonuplis
858 2205 1039 2299 collyridam
1061 2222 1183 2295 panem
1209 2133 1369 2281 usserunt

147 2303 311 2388 Mariae,
336 2327 411 2377 eam
440 2325 482 2374 ue
507 2300 578 2372 ritu
602 2298 767 2392 religioso
793 2299 928 2386 colant,
963 2298 1035 2372 vid.
1060 2297 1235 2392 Epiphan.
1261 2298 1363 2378 haer.

146 2399 315 2473 LXXIX·
339 2399 399 2474 ubi
469 2394 597 2483 ariam,
622 2395 798 2564 Ansgelos,
828 2414 889 2469 aut
918 2393 1053 2468 sansios
1078 2395 1171 2502 nullo
1196 2395 1372 2492 religioso.

145 2497 265 2586 cultu,
305 2515 363 2569 aut
387 2491 610 2578 adoratione,
651 2516 671 2565 e
701 2515 721 2562 e
753 2491 996 2581 honorandos,
1035 2489 1221 2564 clurrllimis
1244 2495 1373 2568 verbis·

145 2589 315 2677 inculcat,
341 2609 379 2662 et
404 2584 628 2661 demonstrat.
1365 2658 1368 2663 .

193 2685 225 2782 s.
251 2685 344 2757 LXI.
379 2685 479 2758 Haec
503 2682 588 2756 licet
611 2704 696 2755 vera
719 2680 806 2771 lint,
832 2683 1014 2781 religiosae
1040 2701 1158 2755 tumen
1182 2683 1362 2779 cujusdam

143 2779 384 2854 venerationis
402 2779 647 2876 personarum,
672 2800 714 2849 ac
730 2802 866 2868 rerum,
885 2800 1026 2876 praeter
1046 2782 1183 2865 Deum,
1201 2779 1292 2852 haud
1312 2782 1363 2854 le·

143 2876 204 2950 via
236 2876 547 2973 deprehenduntur
578 2871 747 2968 vestigia,
779 2874 870 2947 adeo
905 2893 943 2949 ut
974 2873 1227 2970 superstitionis
1256 2875 1363 2971 hujus

141 2971 369 3046 fundamenta
390 2973 460 3067 jam
485 2970 618 3045 suerint
638 2967 750 3067 jassa,
793 2969 851 3043 seu
881 2969 1021 3066 insignis
1053 2969 1094 3050 ad
1127 2992 1205 3042 eam
1235 2973 1366 3065 gradus

141 3064 263 3141 fanus.
312 3069 412 3170 Quae
461 3070 538 3144 aulo
564 3065 669 3143 susrus
696 3084 734 3139 et
756 3064 951 3143 adcuratius
975 3064 1170 3164 proseram;
1208 3087 1237 3138 1.
1264 3068 1367 3141 Mul·

141 3175 219 3262 tum
245 3163 313 3238 huc
328 3094 553 3242 contuserunt
572 3166 709 3241 Patrum
737 3166 915 3240 orationes
932 3160 1184 3270 panegyricae,
1209 3160 1365 3247 iocum,

140 3259 455 3364 memorationibus
477 3279 676 3355 martyrum,
696 3261 816 3366 baberi
841 3262 982 3370 solitae,
1016 3262 1158 3353 qulbus,
1185 3254 1252 3365 stili
1279 3255 1362 3332 srm-

134 3351 625 3546 llllllldlalbllllu
638 3350 793 3536 lulla,
810 3353 1363 3546 luillllsllll'lllllsll

130 3540 603 3645 Deum'intercessronibus,
627 3539 754 3637 insigni
779 3565 918 3642 quoque
936 3549 1091 3634 virtute,
1116 3564 1154 3617 et
1177 3544 1358 3641 potestate

130 3640 173 3720 in
192 3637 415 3713 credentibus
428 3638 609 3732 juvandis,
635 3655 671 3709 et
694 3635 809 3713 noxiis
825 3641 1060 3738 depellendis,
1087 3641 1221 3730 locuti,
1256 3641 1358 3738 puri·

132 3753 246 3812 ratem
271 3732 376 3809 unius
401 3733 471 3806 Dei
490 3737 603 3811 cultus
628 3732 775 3808 multum
800 3737 1044 3826 obscurarunt,
1068 3735 1211 3833 aliisque
1236 3738 1355 3814 ansam

133 3830 327 3922 dederunt,
350 3827 484 3905 sanctos
512 3847 550 3903 et
575 3849 764 3928 martyres,
790 3848 953 3932 tanquam
969 3831 1225 3945 potentiffimos
1242 3829 1356 3909 inter·

132 3927 286 4007 cessores
317 3945 356 4002 et
384 3925 573 4001 advocatos
606 3927 860 4021 compellandi,
901 3950 940 4006 et
969 3929 1171 4005 invocandi.
1228 3927 1355 4027 Quid?

132 4027 230 4127 quud
255 4025 422 4124 populum
447 4022 514 4097 illis
535 4023 572 4098 in
595 4021 814 4097 orationibus
835 4026 877 4102 ad
910 4027 946 4103 id
967 4027 1041 4125 jam
1066 4025 1273 4116 invitarint,
1317 4043 1358 4103 et

130 4120 342 4217 excitarim:
383 4115 437 4199 uti
477 4141 534 4202 ex.
565 4138 620 4219 gr.
651 4117 750 4201 Basrl.
785 4122 842 4206 M
874 4123 921 4203 de
949 4146 999 4220 40
1029 4123 1358 4303 martyrigqsr,s1qt

132 4250 139 4271 a
758 4262 770 4273 .
1249 4240 1310 4320 ΥΟ
1350 4264 1370 4308 1
