3074 4838
150 681 230 773 416
534 648 686 768 ffislouia
704 662 839 767 Erilis·
857 660 974 768 Clurist.

156 845 375 949 Augustinn't
398 841 715 921 Domum-Christ.
740 847 763 921 l.
787 847 835 919 11.
859 838 894 921 c.¹
918 852 953 927 8.
977 843 1105 921 eodeni
1130 844 1239 923 inodo
1271 844 1376 929 lusti*

155 949 248 1039 tuit,
273 946 337 1022 nisi
360 943 456 1040 quod
479 940 565 1015 alios
588 941 666 1015 aliia
694 939 890 1038 praeferat,
921 962 1028 1039 prout
1052 946 1094 1017 ab
1110 942 1277 1019 Ecclesia
1294 967 1374 1017 oin·

155 1046 277 1132 nibus,
306 1039 361 1115 vel
378 1036 828 1143 munuum-adsumuntur.
878 1038 967 1115 Vid.
983 1039 1090 1113 etiarn
1106 1038 1153 1112 de
1168 1040 1279 1115 CIvit.
1294 1037 1369 1114 Dei

155 1142 178 1217 l.
205 1138 326 1213 XVII.
351 1158 384 1209 c.
412 1156 470 1208 ao.
493 1135 539 1206 de
561 1133 651 1206 libro
676 1132 864 1229 sapientiae
890 1153 928 1207 et
944 1133 1202 1226 Ecclefiasli'co,
1227 1134 1290 1210 ubi
1315 1135 1370 1211 di·

155 1237 227 1311 citt
266 1256 327 1306 non
355 1228 426 1327 offo
442 1231 622 1303 Snlonnn
663 1252 725 1302 non
745 1230 896 1305 dubitant
916 1231 1086 1321 lollium,
1125 1253 1179 1303 eos
1200 1246 1311 1305 tonien
1331 1235 1368 1303 in

155 1334 389 1418 autoritatem,
423 1330 565 1400 inarime
587 1328 829 1419 Occidentalis,
852 1329 1031 1422 antiquitas
1048 1329 1170 1422 incepit
1195 1324 1367 1421 Ecclesia,

158 1430 296 1501 scilicet
334 1425 502 1496 Romana.
560 1423 790 1496 Innocentius
822 1420 977 1518 Epistola
1007 1421 1175 1496 decretali
1198 1423 1243 1497 ad
1271 1424 1367 1497 Exu-

39 1606 43 1615 .
155 1524 294 1620 perium
332 1522 435 1593 tertio
467 1540 604 1686 quopue
631 1516 794 1608 testatur,
835 1519 955 1607 libris,
996 1519 1056 1615 qui
1079 1518 1301 1615 recipiuntur
1328 1520 1366 1594 iu

155 1641 293 1693 canone
317 1614 508 1690 sauciatum
545 1630 795 1706 cripturatum,
840 1614 1017 1689 accenseri
1052 1618 1090 1688 in
1124 1617 1180 1688 illa
1214 1616 1367 1699 Ecclesia

72 1766 76 1773 -
154 1714 316 1800 eosdem,
350 1712 387 1783 iii
412 1729 545 1782 canone
578 1708 778 1806 carthagin.
811 1730 1031 1786 memoratos.
1067 1710 1152 1784 Vid.
1178 1729 1217 1782 et
1233 1709 1369 1807 Augus·

155 1811 249 1883 titius
264 1807 350 1881 ibid.
377 1807 399 1877 l.
423 1803 563 1878 XVIII.
587 1824 619 1877 c.
645 1812 702 1897 36.
728 1805 772 1879 de
787 1804 883 1881 libris
900 1805 1151 1880 Maccabaicis.
1186 1804 1367 1897 Additur,

119 1905 121 1909 ⁴
155 1901 327 1981 Ecclesias
354 1899 545 1974 Gallicanas
567 1896 669 1973 fuiss'e
693 1899 862 1992 offensus,
904 1903 997 1999 quod
1023 1898 1238 1998 Augustinus
1268 1900 1364 1975 testi·

154 1998 315 2075 monium
350 2018 396 2069 ex
412 1995 503 2068 libro
518 1996 719 2093 Sapientiae
742 1998 958 2094 protulisset,
983 1996 1071 2070 teste
1094 1997 1237 2071 Hilario
1264 1998 1366 2095 epist.

99 2100 105 2109 '
154 2097 198 2180 ad
222 2089 478 2191 angustinum,
518 2111 556 2165 et
580 2091 813 2186 Augustinum
835 2094 907 2168 sese
939 2093 1007 2166 hac
1036 2114 1140 2191 parte
1171 2092 1367 2169 defendisse

156 2192 203 2267 de
245 2185 542 2286 Praedrjlinationr
579 2186 601 2260 l.
627 2188 655 2259 l.
681 2211 712 2262 c.
742 2212 801 2280 14.
850 2193 1016 2263 Ceterum
1050 2211 1175 2264 vocem
1211 2190 1368 2263 Cononici

152 2285 294 2362 libriin
321 2308 364 2358 eo
390 2304 521 2357 canone
545 2281 706 2378 Carthag.
738 2284 839 2381 latius
864 2284 973 2375 sumi,
1013 2284 1049 2357 iii
1077 2306 1211 2381 genere
1234 2307 1299 2381 pro
1324 2287 1368 2360 li·

153 2386 220 2461 bro
245 2380 445 2455 autoritatis
470 2377 746 2467 Ecclesiasticae,
774 2383 871 2477 snpra
899 2383 941 2454 ad
966 2381 1033 2453 sec.
1059 2383 1187 2457 thuin
1212 2381 1367 2459 suoloco

154 2476 364 2566 observavi,
389 2493 427 2549 et
450 2498 495 2549 ex
518 2474 596 2570 ipso
618 2474 815 2571 Augustino
840 2476 958 2573 colligi
983 2472 1110 2570 potest.

155 2632 159 2641 .
200 2574 233 2742 ἱ.
262 2572 471 2646 XXXVIII.
503 2572 561 2643 De
586 2569 750 2666 Epistolis
768 2595 854 2645 vero
872 2573 1017 2667 Jacobi,
1044 2571 1196 2663 oPetri,
1225 2597 1258 2649 a.
1276 2592 1315 2647 et
1330 2584 1369 2670 35

152 2662 571 2839 stillantium}
587 2666 850 2836 sisso?
865 2667 1364 2860 sliilliie’niffilibfiii

150 2859 289 2949 dentis,
331 2878 410 2929 cum
445 2856 572 2951 ubique
603 2873 761 2956 tanquam
795 2858 936 2933 divinae
964 2858 1164 2956 Scripturae
1188 2862 1364 2955 citentur,

150 2958 243 3033 nulla
260 2975 397 3058 quoque
416 2949 645 3048 Epistolarum
670 2953 879 3044 Clementis,
904 2958 1098 3045 Barnabae,
1124 2978 1161 3031 et
1178 2957 1361 3048 similium,

150 3052 242 3126 salia
266 3067 456 3122 mentione.
504 3048 588 3121 Nec
613 3067 728 3124 tamen
747 3049 1013 3141 existimandum
1032 3049 1113 3141 est,
1127 3075 1269 3127 omnem
1285 3054 1362 3128 ubi·

151 3169 219 3243 que
247 3146 411 3219 sublatam
442 3142 544 3218 fuisse
575 3143 843 3222 dubitationem.
892 3149 949 3219 De
982 3149 1132 3244 quinque
1165 3149 1361 3226 Catholicis

148 3240 311 3337 Epistolis
329 3241 417 3313 dicit
440 3239 586 3336 Junilius
625 3266 700 3337 cap.
728 3252 783 3332 6.,
809 3243 1054 3338 quintiipluri'nioi
1084 3267 1140 3317 eas
1165 3269 1232 3340 pro
1257 3269 1361 3321 cano·

149 3337 240 3412 nicis
271 3338 410 3408 habere.
461 3337 519 3407 De
552 3334 707 3427 Epistola
736 3339 777 3411 ad
810 3342 994 3412 sichimus
1028 3342 1213 3414 nonnullos
1248 3343 1361 3417 adbuc

151 3435 214 3510 suo
257 3448 415 3524 tempore
448 3428 616 3504 dubitasse
650 3429 792 3504 testatur
835 3434 1046 3528 Augustinus
1079 3437 1124 3508 de
1153 3454 1361 3531 peccatorum

149 3525 269 3605 merit.
293 3545 329 3597 et
346 3523 494 3614 remiss,
518 3545 558 3598 ut
582 3543 620 3598 et
645 3526 886 3625 Hieronymus
908 3535 949 3603 ad
969 3527 1077 3625 Epist.
1100 3532 1143 3604 ad
1173 3533 1209 3602 T
1209 3532 1273 3622 it,
1300 3531 1359 3631 qui

148 3627 254 3701 etiam
278 3620 315 3693 in
342 3640 398 3714 ep.
424 3621 466 3692 ad
487 3621 678 3716 Evagrium
697 3622 802 3712 dicit,
828 3649 932 3697 uirtuti
960 3628 1097 3712 Graeci,
1123 3630 1268 3702 nonnulli
1292 3632 1360 3703 La·

147 3727 306 3806 tinorum,
341 3714 519 3811 recipiunt
543 3714 734 3812 Epistulam
755 3721 797 3793 ad
823 3722 1018 3796 Hebraeos.
1071 3720 1312 3833 Apocalypsin
1341 3746 1360 3798 a

145 3817 264 3895 multis
290 3811 405 3885 adhuc
429 3810 530 3883 fuisse
554 3815 592 3885 iii
620 3813 763 3887 dubium
789 3835 951 3889 vocatam
978 3816 1146 3912 Junilius,
1171 3819 1358 3896 Africanus

148 3912 366 4011 Episcopus,
389 3909 456 3982 sec.
476 3908 542 3982 VI.
569 3907 735 4004 scriptor,
762 3910 799 3984 iii
819 3911 961 3986 Biblioi.
988 3915 1045 3985 M.
1069 3915 1232 4006 Petrum,
1258 3916 1356 3990 testi·

146 4032 204 4085 tur
231 4009 250 4080 l.
277 4007 303 4077 l.
328 4026 359 4075 c.
387 4027 421 4093 4.
449 4004 664 4096 departibor
689 4010 816 4079 diuinae
841 4010 946 4100 legit,
986 4007 1045 4083 ubi
1072 4009 1183 4098 dicit,
1224 4013 1269 4086 de
1290 4009 1352 4101 Jo-

143 4109 262 4187 liannt's
288 4099 480 4196 Apocnlppfi
511 4102 808 4198 apuuouentaus
825 4105 992 4179 odinoluoi
1010 4106 1193 4207 dubitatur.
1237 4102 1352 4181 Pressit

794 4266 797 4271 .
1238 4218 1359 4281 aulem
