3074 4838
144 674 222 762 494
467 760 468 765 .
536 643 684 747 lustau
703 643 974 750 Eorlrs.·.·Clqu‚

154 830 268 907 zelum
301 826 446 907 redolet.
501 829 602 927 Juffit
632 848 816 927 praeterea
839 823 1078 919 Tlruodofiur,
1100 826 1218 904 libror
1239 823 1375 905 Neue

154 931 201 1004 rii
224 928 404 1017 comburi,
440 944 480 1000 ut
500 927 576 1001 asta
597 925 759 1022 Ephesio.
784 927 933 1018 habent,
975 944 1014 999 et
1044 927 1223 1023 Synodiron
1249 944 1375 1003 coum

155 1026 374 1119 tragoediam·
398 1025 555 1111 Irenaei,
595 1020 752 1097 haeresrn
777 1045 915 1118 quoque
938 1019 1188 1097 Nestoriauam
1211 1023 1376 1097 Sinonia·

156 1143 234 1199 nam
258 1121 327 1193 effe
353 1117 609 1215 adpellandam,
633 1141 676 1193 ac
698 1116 904 1195 Nestorium
928 1120 973 1191 ab
989 1117 1375 1194 omnibuoauatherue·

156 1217 358 1305 tizandum,
382 1217 461 1311 lege
512 1214 661 1296 uuuoeu
683 1237 713 1289 a.
737 1235 841 1311 435.>
870 1213 959 1289 Vid.
983 1213 1199 1289 Gumofreu
1224 1212 1374 1289 auena

153 1311 339 1395 ..Tlreodol
363 1313 386 1386 l.
411 1239 514 1384 XVl.
540 1308 600 1381 tit.
623 1309 673 1384 V.
696 1309 741 1383 de
766 1312 970 1386 liuereticir.
998 1311 1103 1406 Cujus
1117 1308 1375 1389 denominatio·

158 1408 215 1480 nie
241 1408 329 1480 ratio
353 1428 425 1480 non
447 1404 543 1479 esta
568 1409 714 1479 Simone
738 1406 874 1502 Mago,
913 1427 997 1478 cum
1017 1407 1113 1503 iplb,
1156 1403 1382 1501 repetenda,¹

157 1503 218 1579 sed
242 1507 286 1578 ab
310 1500 442 1577 haeresi
466 1501 685 1588 simoniana,
702 1508 705 1513 '
725 1523 812 1595 quae
835 1502 949 1597 Jelum
982 1500 1075 1575 inter
1105 1520 1144 1575 et
1173 1498 1374 1590 Christum,

159 1602 220 1676 seu
245 1600 428 1674 hominem
452 1596 546 1669 inter
572 1615 610 1669 et
634 1599 772 1684 Deum,
796 1598 834 1670 in
860 1598 940 1694 Jesu
967 1621 1104 1695 quoque
1130 1593 1310 1684 distinxit,
1336 1612 1377 1671 ut

158 1699 222 1773 luo
253 1697 335 1770 loco
367 1690 523 1790 exposui
574 1691 678 1766 Nihil
710 1710 898 1789 propterea
930 1691 974 1765 de
1002 1693 1099 1767 libris
1131 1689 1295 1765 Nestorii
1320 1691 1377 1766 su·

209 1791 302 1880 rest,
320 1807 459 1886 praeter
472 1785 622 1898 epistolas
646 1786 798 1883 aliquot,
826 1809 865 1863 et
882 1785 1068 1885 sermones,
1094 1788 1188 1884 apud
1215 1782 1376 1865 Maium

156 1817 316 1964 llereat.
340 1884 519 1958 Garnerri.
554 1885 639 1961 sed
661 1882 773 1957 exstat
798 1906 935 2052 quogue
949 1884 1128 1980 Liturgia,
1152 1883 1226 1979 ejus
1241 1905 1376 1961 nomeu

87 2075 89 2078 Ι
158 1981 385 2080 praeferens,
411 1978 552 2081 Syriace
569 1977 608 2054 in
622 1978 763 2055 Millali
785 1981 874 2054 Chal
897 2034 906 2053 .
929 1978 966 2053 in
981 1981 1077 2053 usum
1096 1976 1377 2069 Maronitarum,

163 2093 203 2153 et
226 2075 362 2174 Latine⁸
376 2078 468 2176 apud
492 2075 693 2152 Renaudot.
725 2074 860 2150 culleo.
890 2072 1029 2174 Liturg.
1049 2076 1197 2152 Orient.
1231 2075 1377 2154 aonul.

518 2222 1001 2344 'nus‘rournnrsuuu

159 2488 162 2507 =
202 2457 241 2629 p.
265 2462 359 2537 CIII.
402 2456 670 2535 Nestorianilmi
704 2481 788 2535 vera
822 2456 947 2534 notitia
972 2443 1125 2557 petenda
1158 2457 1230 2550 ell,
1273 2483 1305 2537 1.
1329 2480 1379 2538 ex

160 2558 267 2654 ipius
296 2553 455 2630 Nestorii
479 2557 706 2628 sermonibus
731 2573 769 2628 et
794 2552 968 2648 epistolis,
994 2553 1131 2652 aliisque
1152 2554 1377 2653 fragmentis,

159 2651 255 2766 apud
281 2649 436 2726 Marium
469 2651 725 2738 Memnonem,
763 2666 802 2722 et
832 2647 870 2723 in
902 2649 1004 2725 Auis
1034 2649 1226 2748 Ephefinir.
1265 2673 1298 2728 a.
1330 2675 1377 2728 ex

164 2772 241 2824 eus
259 2747 519 2843 praecursorum
538 2762 575 2819 et
599 2746 806 2819 adseclarum
832 2743 990 2841 scriptis,
1025 2746 1061 2820 in
1086 2747 1203 2845 specie
1226 2745 1379 2822 Diodori

206 2841 344 2919 arsensrs
369 2841 616 2915 euTneodori
645 2839 911 2937 Mopsuesteni;
950 2865 1098 2938 quorum
1121 2842 1232 2940 aliqua
1257 2846 1379 2936 snper·

160 2940 247 3019 lunt
263 2940 466 3034 fragmenta.
518 2937 575 3010 De
592 2961 661 3032 quo
680 2937 794 3031 supra.
835 2934 957 3010 Exstat
972 2939 1176 3035 Symbolum
1193 2937 1380 3015 Nestoriu-

166 3058 252 3113 num
274 3034 364 3130 apud
395 3034 489 3107 Mar.
514 3033 667 3107 Mercat.
699 3033 863 3108 Garnerii
896 3056 930 3126 p.
957 3054 1038 3122 251.
1065 3036 1156 3130 quod
1183 3034 1379 3109 Theodoro

164 3129 359 3219 tribuitur3
388 3127 446 3201 sed
470 3152 515 3202 ex
542 3128 734 3224 prolixiore
762 3127 946 3202 Theodori
971 3129 1156 3202 videtura
1185 3129 1378 3220 Nostrum,

163 3226 227 3299 vel
244 3223 479 3316 Nestoriano,
505 3224 733 3299 contrastum.
783 3227 954 3299 Autorem
972 3247 1110 3321 quoque
1128 3226 1378 3302 Nestorianum

164 3319 279 3393 nabet
307 3320 458 3412 expoſstr‘o
473 3319 578 3411 fidei,
617 3317 710 3391 inter
740 3318 865 3414 Justini
891 3321 1058 3416 Martyris
1080 3323 1147 3394 sec.
1174 3325 1225 3397 11.
1252 3346 1378 3420 opera,

132 3478 141 3488 .
168 3434 209 3491 ut
234 3416 399 3510 probavit
426 3414 458 3484 le
480 3414 576 3511 Quin
601 3414 742 3487 Differt.
768 3416 974 3487 Damascen.
993 3417 1059 3490 lV.
1089 3436 1126 3488 et
1150 3418 1295 3514 quidem
1328 3421 1340 3494 i

160 3512 246 3588 isum
261 3510 492 3581 Theodorum
510 3507 726 3603 Mopsuest„
751 3508 935 3585 seeundum
957 3509 1194 3604 Jablonskium
1220 3511 1258 3586 in
1281 3440 1380 3611 epil

163 3610 214 3682 'ad
238 3608 270 3679 la
293 3606 426 3692 Croze,
444 3603 673 3697 Epistularum
697 3624 781 3679 tom.
808 3608 854 3677 ll.
903 3605 1056 3680 Similem
1081 3606 1187 3681 etiam
1215 3630 1377 3682 autorem

70 3753 75 3771 .
172 3702 309 3776 redolet
341 3700 430 3773 liber
458 3696 674 3790 quaestionum
705 3705 751 3772 od
783 3703 1002 3810 Ortholoxos,
1042 3701 1133 3775 inter
1162 3700 1287 3798 Justini
1320 3706 1380 3779 M.

171 3794 986 3997 lli¹³ln¹¹lr¹3nffffss²ialiffin⁰llillssl¹vlr¹¹¹
1000 3798 1250 3967 cssllllressliil
1268 3797 1380 3969 §llll

158 3986 223 4064 -est
243 3989 423 4070 Facundus
440 3984 717 4072 Hermionensrs,
744 3987 812 4061 sec.
838 3988 904 4062 Vl.
930 3987 1100 4082 scriptor,
1139 3988 1176 4062 in
1201 3989 1375 4085 defenfiooe

168 4091 267 4164 trium
288 4084 517 4173 articulorum,
558 4104 626 4160 nec
653 4106 727 4159 non
752 4106 841 4182 quae
866 4083 1118 4161 Theodoreus
1143 4088 1276 4164 eontra
1304 4086 1375 4194 Cy·

1306 4172 1375 4257 ulli
