3008 4830
1286 663 1365 756 659
1446 724 1449 731 ,

131 822 361 927 oCbrrssoque
383 827 519 905 alienor.
569 822 602 911 ll
654 828 743 905 oscis
780 851 921 928 qnoque
955 827 1135 905 Facundus
1166 829 1352 913 Hermiani

128 948 198 1023 pro
223 930 323 1002 tribus
352 927 509 1022 capitulis
531 920 554 997 l.
621 949 631 999 ε
665 949 700 1016 5.
733 927 956 1022 synodorum
989 926 1154 1003 summam
1186 931 1352 1005 autorita-

132 1037 227 1114 tem,
261 1047 352 1122 quae
379 1044 499 1096 ornnes
520 1018 598 1095 lites
619 1020 724 1095 finire
748 1026 885 1099 debeat.
937 1023 1062 1125 Quid?
1095 1027 1187 1121 quod
1213 1026 1355 1123 Justini·

129 1140 215 1217 nnus
229 1120 361 1195 novell.
388 1141 467 1215 131.
491 1118 612 1192 dicere
639 1140 713 1191 non
739 1118 806 1193 fuit
831 1123 986 1208 veritus,
1021 1119 1056 1193 se
1089 1145 1208 1196 earum
1242 1147 1352 1220 gene·

129 1217 257 1293 salium
281 1216 424 1289 decreta
448 1232 603 1311 tanquam
614 1210 802 1309 scripturas
833 1219 962 1290 dioioor
985 1219 1134 1308 recipere.
1186 1221 1352 1294 Addatur

131 1312 288 1410 denique
320 1308 533 1388 Vincentius
562 1310 676 1383 Lirin.
711 1309 748 1382 in
780 1315 1042 1400 commonitorio,
1087 1316 1146 1387 ubi
1179 1317 1274 1391 idem
1308 1319 1355 1391 de

130 1409 359 1496 traditionibus
408 1424 440 1482 st
479 1410 618 1482 Parrum
658 1404 845 1500 testimoniis
895 1408 971 1482 fere
1016 1407 1185 1486 adfirmat.
1245 1414 1351 1486 Unde

132 1503 244 1581 ctiam
268 1504 339 1594 est,
371 1502 465 1601 quod
500 1527 519 1577 a
551 1503 693 1576 Parrum
725 1502 1073 1599 interpretationibus
1107 1505 1168 1580 vix
1201 1531 1352 1604 unquam

133 1598 372 1688 discesserint,
404 1619 441 1671 et
471 1597 713 1672 commentarii
746 1597 812 1672 font
843 1599 963 1696 potius
994 1616 1146 1689 cotenus,
1190 1601 1250 1676 seu
1282 1605 1355 1679 col·

133 1694 308 1773 leniores
332 1718 377 1768 ex
402 1694 577 1778 Ratribus,
604 1717 705 1790 quam
729 1697 865 1791 proprii
887 1696 1011 1789 judicii
1036 1697 1302 1795 explicationes.

186 1795 219 1896 §.
245 1792 381 1870 CCXL.
426 1788 746 1895 specialiacapita
761 1791 820 1867 de
856 1792 1054 1884 Trinitate,
1087 1795 1355 1886 incarnatione,

133 1892 251 1995 gratia
272 1886 453 1974 assailiari,
485 1905 522 1958 et
545 1883 705 1960 similibus
730 1887 889 1976 adnexis,
914 1910 996 1961 cum
1022 1913 1066 1963 ex
1083 1892 1355 1968 damnatishae·

135 1987 287 2081 resrbus,
327 2003 364 2057 et
391 1982 550 2055 formulis
576 1981 658 2056 iude
680 1980 791 2072 natis,
824 1984 904 2059 latis
938 2002 1022 2057 nota
1053 1986 1138 2075 sint,
1181 2010 1248 2062 nec
1280 1992 1353 2065 hoc

136 2081 254 2165 ilcolo
291 2080 422 2175 aliquid
456 2076 657 2150 mutationis
687 2077 882 2167 acciderit,
920 2078 961 2151 iis
992 2078 1154 2154 inmorari
1194 2105 1266 2155 non
1307 2085 1359 2159 est

133 2178 288 2263 necelie.
328 2173 497 2249 Notanda
525 2192 658 2246 tantum
680 2171 731 2246 est
754 2175 923 2248 confeffio
946 2173 1050 2266 fidei,
1084 2198 1170 2272 quae
1192 2181 1234 2251 ab
1259 2180 1359 2277 Epis·

133 2299 259 2372 copo,
283 2296 363 2346 cum
387 2269 633 2359 ordinabatur,
657 2269 733 2342 fieri
758 2271 909 2358 solebat,
943 2272 1033 2365 apud
1064 2272 1275 2368 Gregorinm
1300 2277 1359 2350 M.

134 2372 182 2455 in
206 2372 296 2444 libro
323 2370 621 2453 sacramentorum,
641 2389 733 2533 guae
760 2366 831 2442 sola
856 2365 1003 2441 sufficit:
1039 2369 1186 2441 addatur
1208 2370 1361 2467 Fulgen-

142 2469 218 2544 tius
238 2464 281 2539 ad
304 2463 470 2563 Donatum
493 2465 532 2536 ds
550 2463 621 2557 fids
674 2461 851 2553 solodoro,
874 2480 912 2537 et
938 2460 1083 2536 diuersos
1100 2464 1360 2542 haereticorum

135 2561 337 2648 erroribus,
368 2583 435 2634 nec
459 2580 530 2630 non
554 2559 598 2632 ad
620 2557 753 2632 Petrum
777 2558 961 2634 Diaconum
984 2558 1029 2632 de
1053 2559 1150 2635 redit
1173 2560 1255 2637 fide.
1304 2566 1362 2638 De

137 2646 557 2761 justificationistantum
584 2653 764 2742 doiirina,
797 2679 886 2750 quae
918 2654 962 2728 ad
986 2655 1121 2730 causam
1152 2659 1361 2735 remisslonis

137 2774 392 2856 peccatorum,
416 2768 453 2823 et
466 2749 553 2844 juris
576 2750 744 2823 advitam
762 2771 962 2838 aeternam,
990 2752 1167 2846 pertinet,
1193 2755 1360 2850 quaedam

137 2851 291 2933 dicenda
317 2850 413 2933 sunt,
437 2867 515 2918 cum
537 2869 578 2918 ea
598 2867 660 2941 per
686 2844 941 2920 satisfadliones
968 2844 1149 2938 humanas,
1177 2869 1214 2921 et
1237 2850 1362 2924 merita

141 2953 317 3031 bonorum
344 2965 513 3041 operum,
547 2940 638 3014 haud
673 2964 795 3037 parum
830 2941 999 3035 deinceps
1030 2942 1140 3018 fuerit
1175 2942 1364 3025 obscurata.

139 3046 351 3158 ignorarunt
381 3037 495 3112 adhuc
530 3035 693 3110 famosam
727 3037 822 3111 inter
852 3039 988 3136 culpam
1027 3058 1067 3112 et
1104 3060 1257 3136 poenam
1296 3037 1365 3117 dis·

140 3138 375 3229 orobionem,
406 3154 445 3206 ut
477 3153 515 3207 et
549 3131 798 3207 satisfactiones
833 3158 900 3229 pro
930 3132 1058 3229 poenis
1092 3135 1365 3234 temporalibus,

143 3255 327 3339 praeterea
357 3229 488 3326 gratiae
523 3247 560 3302 et
602 3229 739 3304 meritis
770 3226 898 3303 Christi
938 3248 1125 3325 acceptum
1166 3233 1365 3314 retulerunt

145 3331 381 3410 remiffionem
414 3345 666 3419 peccatorum,
715 3342 752 3400 et
791 3327 902 3401 vitam
933 3341 1123 3402 aeternam.
1219 3356 1282 3406 uae
1319 3355 1366 3407 ex

144 3426 265 3507 multis
299 3421 468 3519 Gregorii
510 3421 597 3494 locis
626 3419 815 3500 constant:
860 3440 897 3497 ut
938 3425 1057 3498 moral.
1092 3424 1115 3499 l.
1151 3427 1184 3501 X
1226 3431 1290 3501 lli.
1330 3447 1363 3502 c.

142 3517 209 3609 oo.
231 3522 400 3598 XXXIII:
423 3542 478 3593 oo.
496 3536 534 3591 et
562 3516 598 3590 in
614 3518 665 3592 Pl.
685 3521 773 3595 Vll.
800 3517 1106 3616 poenitentialem.
1144 3524 1213 3599 Sed
1233 3521 1364 3598 Moral.

141 3622 226 3707 XX:
262 3625 323 3716 36.
355 3615 464 3703 dicit,
506 3632 542 3686 et
571 3613 741 3704 deducit,
780 3615 1048 3711 mediatorem,
1083 3638 1161 3697 cum
1195 3616 1369 3781 potuilier

144 3709 214 3798 iios
241 3741 315 3793 non
343 3708 529 3795 moriendo
555 3710 703 3801 salupre,
731 3730 773 3786 ut·
795 3714 999 3798 eluar-itatem
1023 3730 1063 3791 'et
1082 3713 1193 3793 miser
1208 3713 1368 3791 cordiam

148 3808 428 3903 demonstraret,
453 3805 585 3880 nostras
602 3806 737 3887 bbiine
762 3808 1000 3894 infirmitates.
1034 3803 1243 3902 ¹Singularis
1271 3812 1367 3903 sunt,

151 3894 243 3988 ‘uae
276 3906 322 3982 de
353 3906 425 3979 fine
457 3920 494 3975 et
528 3901 667 3993 effedlis
692 3903 815 3979 mortis
841 3905 969 3987 Christi
995 3905 1368 4002 habet-..Goegentius,

146 3934 195 4089 ie
224 4028 295 4105 quo
311 4001 372 4079 suo
388 4004 488 4089 loco,
523 3998 791 4098 indispototiooo
817 4000 897 4078 crim·
911 4002 1062 4100 Jodooo,
1086 3999 1157 4077 huc
1184 4003 1368 4098 praecipue

144 4091 359 4201 tendentia,
383 4116 424 4197 ut
437 4096 687 4205 adillubulssm
713 4097 949 4200 vincendum,
965 4099 1191 4184 erriuuioes
1206 4125 1235 4179 a
1257 4120 1374 4181 morte

136 4258 215 4313 M,
665 4194 799 4274 Ooob
824 4219 847 4277 2
1157 4193 1375 4287 liberandos.
