3074 4838
167 704 243 789 464
557 684 704 807 sfistoriu
723 684 866 787 Eccies..
880 683 996 788 Christ
1179 668 1185 679 ⁸
1378 742 1398 784 ,χ
1438 629 1447 644 ⁸

65 920 70 930 «
175 870 417 944 festinationis
432 889 572 967 quoque
590 890 665 941 non
673 867 840 964 requirit,
859 890 939 942 cum
954 862 1044 939 nihil
1059 859 1201 940 asindae
1216 863 1405 942 recenstn·

178 965 333 1053 sionem,
366 983 404 1038 et
438 965 743 1052 emendationem,
794 964 852 1038 seu
887 960 1072 1037 secundam
1100 985 1217 1035 curam
1243 965 1409 1037 denotet.

177 1061 418 1134 Concinriavit
435 1061 587 1157 denique
604 1061 674 1133 hoc
688 1081 779 1132 anno
789 1060 975 1154 Speculum,
995 1069 1072 1154 quo
1083 1078 1255 1154 excerpta
1267 1061 1356 1135 Vet.
1363 1074 1402 1130 et

178 1155 280 1230 Nov.
293 1154 389 1229 Test.
406 1155 659 1246 continentur,
677 1155 799 1252 quibus
809 1157 939 1253 aliquid
949 1154 1047 1228 claris
1055 1154 1171 1231 verbis
1187 1155 1407 1252 praecipitur

177 1251 479 1346 autprohibetur:
499 1253 591 1326 unde
601 1251 743 1360 quisque
752 1250 882 1332 faciem
897 1251 992 1326 suam
997 1269 1106 1418 lqueat
1124 1254 1395 1346 recognoscere.

193 1343 415 1445 XXXIX.
448 1348 649 1424 Miserrima
674 1348 757 1420 sicet
772 1351 815 1422 ab
839 1371 869 1422 a.
886 1354 972 1439 428.
1014 1346 1105 1419 uerit
1137 1345 1286 1420 Africae
1310 1368 1396 1420 con·

178 1439 295 1533 ditio,
315 1467 388 1611 per
418 1441 634 1540 irruptiones
660 1441 921 1534 Vandasorum,
945 1440 1171 1547 omniumque
1196 1441 1275 1515 sere
1292 1438 1402 1516 animi

176 1535 290 1615 effent
331 1537 437 1626 rassi,
463 1538 678 1635 Augustinus
693 1541 737 1611 ab
759 1561 888 1633 opere,
914 1557 952 1612 et
968 1536 1065 1611 libris
1087 1535 1301 1628 scribendis,
1325 1558 1400 1611 non

174 1633 354 1710 abstinuit.
403 1634 537 1724 Ultima
564 1632 637 1729 ejus
669 1654 778 1729 opera
800 1634 942 1708 fuerunt
965 1631 1044 1706 iibri
1068 1632 1400 1723 Retrassationum,

177 1753 328 1826 quorum
349 1728 419 1802 duo
447 1731 520 1826 jam
552 1728 780 1827 prodierant,
804 1750 841 1802 et
870 1736 956 1825 opus
981 1725 1199 1895 supersisam
1230 1728 1268 1805 io
1290 1729 1399 1826 Jusia·

175 1847 282 1914 num,
306 1822 545 1919 Pesagianurn,
579 1825 638 1922 qui
662 1823 768 1898 libros
792 1826 865 1922 ejus
888 1823 1039 1897 refutare
1081 1844 1178 1898 uerat
1200 1826 1396 1923 adgressus:

96 1989 97 1992 ,
174 1923 305 2015 quibos
333 1918 585 1996 intermortuus
617 1919 679 1994 est.
738 1922 878 1996 Interea
909 1918 1068 1994 habitum
1092 1917 1143 1992 est
1174 1922 1269 1994 cosso
1318 1919 1393 1996 'nm

173 2016 250 2113 ejus
272 2037 363 2088 anno
386 2013 447 2090 isso
468 2039 552 2092 cum
577 2018 778 2092 Maximino
802 2018 959 2104 Ariano,
988 2015 1048 2112 qui
1074 2035 1157 2088 cum
1182 2016 1270 2112 Segi
1289 2019 1396 2093 virito

172 2110 328 2198 comite,
354 2133 479 2186 contra
499 2111 718 2186 Bonifacium
744 2112 865 2202 misso,
891 2131 1038 2184 venerat
1064 2108 1102 2182 in
1120 2108 1306 2202 Asricam;
1328 2137 1395 2189 un·

172 2210 218 2283 de
249 2208 337 2281 siber
363 2228 463 2282 natus
495 2207 568 2298 est,
608 2206 754 2281 nomine
786 2209 965 2280 collationis
999 2230 1070 2280 cum
1101 2208 1312 2298 Maximino,
1355 2231 1396 2286 et

172 2304 336 2380 erassatur
359 2322 479 2377 contra
506 2325 607 2377 euin:
633 2302 725 2377 unde
743 2303 1004 2378 catholicorum
1030 2319 1067 2372 et
1083 2301 1295 2379 Asianorum
1312 2304 1396 2404 opi·

48 2464 52 2469 .
171 2404 299 2475 riiones
325 2399 588 2569 petipossuut,
628 2416 667 2472 ut
700 2418 738 2472 et
770 2422 815 2473 ex
843 2399 933 2474 libro
959 2398 1034 2493 ejus
1066 2417 1191 2472 contra
1207 2398 1393 2496 sermonem

169 2500 388 2584 Arionium,
437 2498 472 2569 iu
501 2498 602 2569 antea
621 2493 769 2589 scripto,
796 2519 826 2567 a.
850 2501 959 2584 418.,
983 2489 1111 2566 additis
1128 2494 1226 2569 libris
1244 2497 1288 2587 de
1306 2497 1392 2593 'sri-

168 2593 301 2679 nitate,
327 2588 660 2684 supramemoratis.
710 2592 797 2663 Cum
824 2612 911 2661 vero
934 2588 980 2667 de
996 2588 1298 2689 Semi-pelagianis
1311 2615 1392 2667 cer.

168 2688 242 2761 tior
272 2683 359 2758 esset
391 2683 501 2757 sassus
523 2708 569 2757 eii
593 2681 721 2756 litteris
746 2681 901 2778 Prosperi
926 2680 1075 2770 Hilarii,
1115 2687 1248 2783 scripsit
1272 2688 1393 2768 adhuc

169 2803 294 2858 contra
311 2804 371 2855 eos
394 2779 438 2853 de
463 2781 758 2876 Praedestinutione
774 2796 805 2852 er
829 2782 908 2853 dono
928 2779 1211 2875 perseverantiam
1234 2783 1325 2859 adeo
1350 2805 1393 2862 ut

167 2879 320 2980 gratiam
359 2875 585 2949 Dei’coutra
615 2875 708 2949 vires
742 2896 778 2951 et
809 2879 936 2949 merita
967 2874 1165 2963 hominum,
1205 2879 1250 2952 ad
1283 2881 1395 2962 finem

71 3014 74 3017 ·
167 2978 268 3052 vitae
299 2975 426 3068 usque,
460 2969 598 3045 strenue
630 2970 845 3047 defenderit.
900 2970 1065 3065 Denique
1097 2972 1162 3070 ipsi
1200 2972 1394 3074 inportuna

165 3067 428 3172 Quodvultdei,
454 3065 608 3143 Diaconi
625 3067 922 3166 carthaginensis,
964 3068 1072 3140 etitio
1085 3068 1232 3142 extorsit
1251 3074 1386 3151 librum

163 3166 210 3241 de
226 3165 464 3256 ‘Haeresibum
489 3189 525 3240 a,
543 3187 651 3255 429„
673 3164 709 3237 in
736 3190 806 3262 quo
832 3164 931 3237 Phila
979 3161 1016 3235 io
1040 3164 1182 3259 quidem
1206 3167 1287 3244 usus
1313 3169 1391 3266 est,

53 3322 56 3328 .
163 3279 203 3338 et
228 3261 401 3350 Eusebio,
431 3260 622 3335 aRuffino
648 3261 771 3353 uerso,
803 3259 863 3334 sed
890 3256 1131 3356 Epiphaniam
1154 3265 1393 3346 maxime‘se·

159 3374 276 3435 cutus.
539 3401 541 3405 <
659 3427 661 3429 ,

158 3477 162 3489 ·
207 3451 239 3552 s.
265 3450 380 3524 XXX.
395 3513 398 3518 .
413 3450 927 3541 TandemeumBonisacius,
968 3453 1027 3552 qui
1052 3453 1234 3543 Vandasor
1259 3481 1392 3537 eruca-

157 3566 281 3638 verat,
325 3563 550 3635 couniens,
587 3548 759 3629 Placidiae
783 3547 1050 3641 reconciliatus,
1084 3574 1177 3625 arma
1202 3576 1390 3653 verreret,

154 3644 327 3741 seseque,
344 3641 422 3746 poss
446 3641 572 3721 infelix
595 3666 677 3720 cum
691 3646 736 3720 iis
751 3647 944 3746 praelium,
969 3648 1144 3743 Hippone
1162 3649 1384 3746 inclusisset,

153 3739 271 3819 tinisa
300 3735 350 3811 est
375 3739 455 3812 urbs
480 3740 660 3816 obsidione
687 3768 717 3818 a.
743 3767 829 3839 430.
881 3742 965 3854 ‚Qua
996 3743 1165 3834 durante,
1199 3746 1296 3825 haud
1320 3749 1386 3826 diu

149 3837 341 3937 anteqoam'
362 3853 465 3931 capta
489 3835 562 3923 est,
587 3837 825 3936 Augustinus,
851 3860 911 3936 qui
937 3858 1121 3931 oraverat,
1146 3858 1187 3916 ut
1213 3846 1276 3920 ves
1301 3847 1390 3923 urbs

149 3939 381 4020 isberaretum
413 3933 470 4008 vel
491 3932 572 4030 ipse
594 3953 677 4008 aute
703 3949 921 4024 moreretur,
953 3935 1161 4046 posterioris
1178 3941 1261 4016 voti
1283 3965 1381 4018 coin·

148 4056 219 4134 pos
242 4026 370 4119 fassus,
406 4029 539 4126 placida
564 4049 680 4105 morte
712 4032 817 4130 paulo
843 4048 925 4103 ante
952 4054 988 4103 io
1005 4033 1168 4108 Domino
1195 4034 1377 4113 obdormi-

142 4132 226 4226 ⁴siit,
250 4121 339 4204 teste
368 4125 542 4225 Posidio,
573 4149 686 4208 anuos
707 4144 810 4207 natus
835 4127 913 4224 7⁶5.
936 4149 1090 4224 quorum
1116 4153 1167 4227 30
1190 4133 1231 4214 iii
1256 4153 1342 4210 nino
1367 4170 1388 4191 ·
