3008 4830
1144 500 1148 507 ι

594 715 598 723 .
676 643 781 727 &cul
805 648 871 735 Vl.
1013 623 1017 633 Ι
1289 662 1388 759 .653'

150 838 231 911 tus,
255 818 360 898 verba
383 820 463 899 sunt
483 821 677 902 Tritlretnii
698 823 970 923 descriptoribus
987 824 1255 927 Eccitstcslicis,
1273 828 1377 929 sensu

150 917 353 1017 persanata,
384 922 505 1015 eloquit
527 923 650 1016 dulcis,
682 941 714 998 et
747 942 899 1015 ornatur,
924 922 985 1022 qui
1011 943 1170 1022 tempore
1197 925 1372 1020 Primasti,

156 1013 356 1121 curiarum
374 1016 567 1110 dedicavit,
593 1019 736 1108 floruit,
751 1021 807 1094 vel
822 1020 904 1093 ideo
920 1023 1164 1096 memorandus
1182 1021 1251 1114 est,
1279 1025 1373 1133 quod

153 1111 388 1204 utilrffir'num,
428 1131 466 1188 et
490 1117 603 1190 bonae
625 1113 738 1210 frugis
756 1116 1006 1212 plenisimunr,
1041 1140 1062 1191 a
1087 1116 1203 1215 paucis
1226 1121 1295 1219 legt
1316 1120 1373 1195 so·

154 1209 281 1297 litum,
305 1205 364 1280 scd
388 1210 431 1283 ab
456 1211 615 1285 amnibus
641 1213 849 1308 legendum,
876 1211 912 1284 in
929 1214 1021 1287 Bibl.
1046 1216 1102 1287 M.
1126 1216 1266 1291 Pattum
1283 1237 1371 1295 torn.

154 1307 204 1380 X.
229 1301 393 1394 obvium,
433 1305 696 1403 conscripserit,
739 1309 779 1383 de
810 1311 962 1404 partibus
993 1311 1123 1384 diuinae
1161 1311 1258 1406 legis,
1298 1338 1372 1412 quo

153 1401 203 1476 de
225 1398 413 1496 scripturis
435 1402 636 1496 eanonicis,
669 1426 858 1499 earumque
883 1405 1045 1494 materia,
1075 1403 1263 1500 historica,
1285 1434 1370 1506 prn-

114 1511 116 1520 ’
153 1496 324 1586 verbiali,
348 1496 574 1593 prophetica,
593 1519 631 1574 et
647 1501 865 1598 dogmatica,
881 1499 1077 1591 succiniie,
1094 1502 1207 1592 clare,
1228 1503 1370 1580 etutili·

153 1611 211 1668 tet
241 1591 387 1669 disserit.
437 1593 537 1669 Inter
567 1595 663 1694 plura
694 1593 877 1684 notabilia,
916 1617 1054 1694 praeter
1085 1593 1152 1670 suis
1186 1599 1274 1674 locis
1311 1623 1369 1676 re·

151 1690 303 1779 censita,
327 1687 416 1764 haec
431 1688 532 1781 sant,
566 1710 604 1765 ut
619 1692 812 1789 aliquotam
829 1691 1044 1767 mentionem
1066 1689 1199 1769 faciam.
1250 1697 1369 1772 1.Na·

149 1788 274 1867 taralis
297 1781 344 1882 tsi
368 1789 402 1858 in
437 1790 528 1863 nabis
552 1788 626 1860 iani
655 1788 794 1883 malique
826 1793 1000 1863 carnmunis
1023 1786 1191 1885 discretio,
1230 1789 1289 1867 lib.
1316 1793 1368 1869 11.

150 1907 188 1960 c.
217 1904 298 1970 tn,
311 1878 513 1978 spernantur
534 1901 644 1957 autern
670 1901 775 1960 matur
799 1886 833 1956 in
855 1884 926 1972 iit,
950 1909 1031 1980 quac
1049 1889 1127 1981 sam
1149 1884 1307 1984 discreta,
1332 1903 1369 1964 et

141 1974 419 2080 sequenda‘sunt.
468 1975 580 2074 Ipsum
606 1982 661 2054 lea
685 1981 809 2078 quidem
834 1981 959 2072 erudit,
999 1984 1116 2075 gratia
1138 2002 1246 2058 autem
1266 2003 1372 2080 praes

148 2091 274 2175 parat,
303 2074 464 2174 adjurat,
496 2081 697 2166 cumularat,
728 2091 868 2148 aaranat.
922 2099 955 2150 2.
980 2076 1038 2148 De
1071 2094 1235 2172 typorum
1261 2080 1367 2156 diffe-

148 2171 279 2247 tentiis
302 2192 408 2265 agenn
431 2170 480 2247 ib.
504 2193 536 2247 c.
566 2193 621 2264 ιγ.
646 2171 849 2246 adnumerat
875 2172 968 2268 typis
991 2172 1052 2245 sub
1078 2171 1190 2267 gratia
1212 2196 1367 2269 euange-

147 2269 240 2359 lica,
262 2269 502 2358 baptizaturum
526 2268 742 2358 Indumenta,
767 2282 799 2340 et
812 2263 1021 2362 sacerdotum
1044 2264 1165 2363 tester,
1190 2285 1244 2356 et,
1267 2269 1366 2366 quod

145 2366 361 2454 notandum,
386 2367 526 2459 carparis
551 2363 716 2439 Darninici
735 2365 1038 2458 participationem,
1072 2377 1106 2434 ct
1122 2360 1258 2460 sagula
1281 2367 1364 2442 alia.

149 2483 190 2556 3.
215 2461 274 2532 De
299 2458 592 2554 praedictionibus
625 2461 685 2534 sub
725 2459 804 2554 lege
836 2458 880 2532 de
915 2455 1053 2531 Clrristo
1086 2456 1272 2551 differens,
1313 2462 1367 2538 ib.

145 2580 184 2633 c.
221 2575 279 2628 aa.
319 2551 427 2631 senili
475 2553 627 2653 Spiritus
657 2553 863 2628 infafionem
898 2552 1086 2644 recenset,
1126 2582 1221 2653 qaam
1251 2561 1364 2655 utiquc

143 2657 257 2740 lama,
279 2651 325 2720 ab
346 2675 382 2724 ea
401 2649 592 2749 susceptus,
624 2653 742 2724 meruit
764 2647 919 2748 (scilicet
944 2671 1104 2746 tanquam
1127 2654 1253 2750 dignus
1276 2678 1367 2731 con·

140 2750 288 2825 secutus
310 2741 379 2842 est)
395 2746 467 2838 stre
497 2750 530 2820 in
557 2751 713 2841 principia
744 2742 842 2840 ipsas
873 2749 1129 2837 incarnationis,
1169 2747 1235 2833 sue
1256 2755 1362 2828 inerte

144 2859 275 2931 menta,
299 2836 367 2929 see
389 2845 422 2915 in
447 2842 663 2940 baptismate,
680 2839 752 2934 stre
779 2845 812 2913 in
837 2843 1025 2930 miraculis,
1049 2841 1115 2933 fite
1140 2845 1174 2913 in
1192 2843 1361 2934 daiirina,

134 2939 212 3037 ste
241 2941 277 3010 in
308 2935 544 3035 resurreiiiane.
600 2939 705 3039 Quod
738 2959 860 3032 parurn
893 2962 914 3012 a
943 2935 1222 3039 Nestorianisrno
1252 2938 1361 3016 abest.

142 3061 182 3129 4
206 3033 350 3110 Deinde
373 3034 418 3110 de
435 3033 482 3109 iia
496 3056 623 3131 agens,
673 3055 736 3107 uae
762 3034 928 3108 servanda
950 3037 1030 3108 sunt
1047 3033 1084 3106 in
1101 3036 1358 3127 scriptutarum

141 3130 394 3224 intelligentia,
419 3154 496 3227 cap.
524 3140 581 3210 28.
606 3057 754 3221 adierit,
777 3128 871 3202 inter
886 3129 970 3218 alia,
994 3128 1125 3219 causam
1142 3130 1296 3204 malarum
1323 3135 1358 3207 in

145 3225 225 3325 ipss
248 3222 327 3320 ff,
352 3228 405 3320 qui
426 3229 507 3300 maii
527 3226 623 3318 sunt,
655 3250 736 3322 qua,
765 3226 839 3298 dum
862 3225 958 3297 libera
981 3226 1137 3312 arbitria,
1161 3239 1257 3321 atque
1279 3230 1359 3304 bene

144 3322 303 3419 cunceffit‚
329 3324 508 3396 inordinate
532 3339 666 3398 utuntur
690 3324 865 3395 rationales
891 3335 1082 3409 creaturae,
1106 3336 1137 3392 tt
1161 3325 1308 3399 malitiae
1324 3341 1360 3397 et

137 3440 262 3519 parum
293 3418 391 3517 causa
423 3416 555 3510 filimer
596 3418 749 3511 euisiant.
828 3438 864 3505 5.·
895 3415 1061 3510 Denique
1101 3437 1177 3514 cap.
1215 3444 1271 3513 29.
1311 3418 1359 3491 ad

168 3514 356 3604 uaelitunr,
379 3518 460 3589 unde
483 3516 559 3589 iibri
578 3516 761 3588 Catlnlicae
781 3514 946 3606 religionis
966 3511 1184 3608 cesseruntar?
1208 3514 1357 3606 respon·

139 3541 226 3703 det,
267 3636 309 3684 erc
334 3612 462 3699 multis,
500 3634 625 3706 quarum
652 3616 792 3704 primurn
816 3610 882 3705 esi,
921 3625 1097 3683 merentur
1120 3604 1360 3687 enim‘ornnia

142 3711 220 3805 eiua
242 3708 351 3780 verba
374 3707 435 3779 hic
459 3705 550 3800 legi,
575 3703 673 3801 ipsas
689 3706 873 3798 scripturae
898 3708 1040 3799 raritas,
1073 3703 1185 3778 deinde
1206 3703 1277 3772 arao
1300 3728 1355 3778 re.

143 3828 236 3887 rann,
261 3801 467 3899 consonantia
487 3819 747 3895 praeceptarum,
773 3801 881 3874 madar
909 3800 1094 3885 locutionis,
1112 3792 1184 3886 stuc
1205 3800 1353 3895 ambita,

136 3894 327 3998 puritasque
350 3904 524 3972 ceriarum.
577 3901 718 3971 Additur
740 3896 1005 3987 conscribentium
1033 3910 1067 3963 et
1096 3890 1357 3981 praedicantium

137 3997 305 4094 qualitas,
328 3997 408 4089 quad
420 3997 530 4068 diuina
547 3995 708 4083 horninur,
736 3988 863 4085 excelsa
880 3993 979 4084 riser,
998 3985 1172 4080 infacundi
1170 3985 1329 4079 sublimia
1335 4040 1350 4077 ,

133 4119 198 4172 aen
235 4114 289 4166 tnc
311 4094 419 4168 diuina
447 4093 561 4188 repleti
577 4089 702 4261 spirit&
726 4083 944 4184 tradidissent.
995 4081 1076 4158 Tum
1088 4084 1366 4197 praedicationia⁸

704 4205 841 4284 nnn3
979 4199 980 4202 ’
1146 4196 1149 4201 ’
1232 4196 1357 4258 ructus,
