3074 4838
494 669 499 679 ·
576 743 579 748 Ι
682 637 789 715 Secul.
816 636 860 715 V.
1308 632 1391 738 437Ι

148 812 251 909 isque
272 806 484 887 mirabilibus
508 814 748 892 exserentem:
790 840 933 916 quarum
961 815 1013 891 sat
1047 813 1225 910 prolixum
1259 818 1376 892 texuit

148 912 352 1005 catalogum
377 908 593 1004 Augustinus
618 914 662 986 de
688 913 797 988 Civit.
824 916 897 989 Dei
922 915 945 988 l.
979 914 1095 988 xxii:
1131 922 1163 993 8.
1213 913 1373 989 Oblatio-

148 1031 219 1083 nes
242 1029 330 1080 vero
349 1030 414 1102 pro
430 1004 607 1098 defunctis,
631 1012 708 1083 alias
733 1011 851 1085 missae
875 1035 942 1107 pro
968 1010 1116 1084 mortuis
1141 1007 1279 1097 diotae,
1306 1010 1372 1083 fie-

152 1104 190 1176 ri
215 1103 372 1174 solebant
396 1104 434 1172 in
470 1103 644 1200 exsequiis
676 1129 801 1179 eorum
832 1127 905 1179 non
938 1126 1095 1196 tantum,
1136 1106 1194 1178 sed
1228 1124 1265 1179 et
1298 1105 1374 1180 aliis

152 1199 389 1292 temporibus.
437 1198 496 1271 De
520 1201 727 1275 eucharistia
764 1200 902 1275 funebri
937 1202 1102 1274 notabilis
1138 1200 1251 1275 exstat
1273 1203 1375 1277 locus

151 1292 366 1390 Augustini,
395 1293 539 1369 confess.
564 1299 587 1370 l.
612 1296 675 1372 ix.
710 1320 743 1372 c.
780 1319 835 1372 io.
869 1319 962 1394 qu0‚
994 1296 1032 1369 in
1057 1294 1228 1393 exsequiis
1253 1298 1374 1373 matris

154 1389 349 1478 Monicae,
374 1387 479 1474 dicit,
502 1391 709 1467 sacrificium
726 1390 795 1466 esse
812 1393 1025 1466 celebratum
1040 1413 1106 1486 pro
1121 1413 1183 1482 ea,
1203 1397 1279 1487 jam
1289 1399 1374 1490 jux·

154 1507 195 1561 ta
210 1485 421 1581 sepulchrum
445 1485 546 1582 posto
568 1492 734 1564 cadauera.
782 1487 842 1563 sic
869 1509 905 1562 et
929 1487 1094 1570 Pollidius
1116 1485 1155 1560 in
1188 1490 1264 1562 vita
1296 1492 1372 1564 Au·

153 1583 308 1680 gussini,
332 1582 426 1655 idem
451 1581 521 1655 esse
546 1586 584 1658 iu
609 1583 831 1660 funeratione
855 1584 929 1682 ejus
945 1582 1095 1671 fassum,
1122 1581 1237 1658 tradit.
1288 1585 1373 1659 Nee

154 1681 203 1752 ob
227 1679 601 1753 commemorationem
627 1700 865 1766 mortuorum,
889 1685 926 1755 iu
954 1680 1088 1775 signum
1111 1678 1372 1755 communionis

153 1796 238 1848 cum
264 1774 368 1871 ipsis,
393 1773 476 1847 illud
501 1795 634 1849 tantum
659 1778 725 1851 fuit
746 1776 945 1872 perustum,
970 1778 1030 1849 sed
1054 1794 1091 1849 et
1107 1778 1283 1851 maximum
1300 1778 1374 1849 ani·

153 1893 281 1945 morum
303 1872 467 1960 leuamen,
501 1894 540 1946 ut
565 1873 712 1970 Cyrillus
741 1872 917 1946 Hierosol.
941 1871 1023 1944 alibi
1048 1872 1216 1967 loquitur.
1255 1874 1316 1947 Sic
1333 1891 1372 1948 et

155 1964 358 2042 Ambrofius
382 1966 482 2064 epist.
510 1990 567 2062 39.
594 1971 637 2043 ad
659 1966 868 2062 louslinum,
895 1989 976 2040 eum
999 1967 1178 2056 bortatur,
1210 1992 1249 2042 nr
1273 1962 1374 2068 moes·

160 2059 263 2157 sificer
276 2060 419 2160 sororem
441 2083 598 2137 mortuam
621 2068 797 2164 lacrymis,
829 2062 892 2157 sed
911 2065 1021 2157 potius
1052 2065 1266 2139 oblationibus
1297 2070 1373 2141 ani·

158 2184 245 2234 mom
269 2165 344 2257 rjus
372 2161 444 2234 Dio
469 2167 671 2236 commender.
721 2158 860 2235 Basilius
886 2181 1028 2268 quoque
1053 2159 1307 2251 Seleucie'nsis,
1332 2162 1374 2237 in

156 2256 306 2331 homilia
321 2257 366 2330 de
382 2257 519 2330 Lozm
528 2257 712 2354 suscitato,
745 2255 1022 2330 consolationem
1056 2272 1213 2328 autumat
1242 2253 1372 2330 adferri
1451 2294 1455 2298 ·

154 2370 280 2426 mortuo
308 2356 405 2426 etium
427 2356 647 2447 inpeccatis,
664 2350 700 2445 ſs
721 2371 780 2447 pro
802 2375 838 2425 eo
862 2348 1076 2446 clerinospuor
1099 2353 1233 2440 deutur,
1268 2368 1298 2424 er
1307 2351 1371 2451 su·

156 2450 318 2544 orificium
339 2453 457 2524 oloris
482 2450 651 2546 offeratur.
703 2449 773 2524 Sed
798 2446 958 2542 expresse
983 2464 1020 2518 et
1053 2444 1218 2519 disiinsie
1247 2448 1291 2521 de
1327 2471 1375 2522 eu

155 2543 294 2621 disserit
314 2543 528 2644 Augustinus
552 2550 589 2622 iii
615 2548 729 2623 libello
751 2546 796 2620 de
823 2566 902 2616 curo
920 2564 980 2640 pro
998 2545 1143 2617 mortuis.
1189 2544 1289 2618 Plura
1305 2545 1375 2620 liao

153 2642 204 2719 de
226 2665 263 2715 re
288 2641 363 2716 dixi
385 2645 427 2717 ad
450 2643 600 2717 seculum
615 2643 781 2739 superius.
830 2640 1134 2716 Commemoratio
1152 2660 1372 2716 mortuorum

157 2737 194 2812 in
220 2736 327 2813 Missa
353 2737 415 2813 diu
438 2739 475 2812 in
498 2737 650 2812 Ecclesia
675 2736 837 2827 duravit,
879 2739 995 2811 donec
1021 2738 1090 2811 sec.
1124 2735 1243 2810 Xllmo
1275 2737 1377 2812 sorte

154 2834 193 2911 iu
215 2835 480 2909 desuetudinem
506 2832 667 2919 venerit,
692 2852 732 2905 ut
755 2857 800 2907 ex
827 2833 1044 2921 Heriberto,
1068 2832 1253 2904 Monacho
1275 2834 1374 2906 Tor·

157 2932 327 3018 nitense,
352 2933 516 3004 observat
536 2932 702 3003 Martene
718 2943 787 2999 aur.
810 2928 935 3019 Erilis.
953 2934 1007 3003 rit.
1026 2930 1048 3001 l.
1074 2929 1101 3001 1.
1127 2947 1218 3020 part.
1238 2929 1266 3001 1.
1285 2950 1316 3001 c.
1335 2948 1373 3019 4.

156 3028 325 3100 Ceterum
352 3025 440 3097 haec
465 3022 759 3096 commemoratio
773 3040 811 3092 et
827 3021 1101 3114 repraesentatio
1117 3027 1240 3097 mortis
1257 3019 1375 3097 Chris·

160 3123 191 3196 ti
228 3119 417 3215 symbolica
459 3140 503 3190 eo
544 3115 729 3191 tetendisse
763 3115 906 3190 videtur
941 3115 1012 3188 hoc
1044 3133 1204 3208 tempore
1243 3121 1375 3210 adhuc,

160 3234 202 3289 ut
237 3214 306 3287 viin
339 3234 376 3286 et
399 3215 566 3286 meritum
599 3212 763 3310 precibus
788 3234 852 3306 pro
884 3208 1059 3285 defunslis
1081 3212 1245 3302 adderet,
1287 3237 1373 3291 cuni

160 3307 370 3387 eucharistia
395 3311 549 3393 nondum
574 3308 800 3405 conspeslum
824 3305 986 3382 sacrificii
1009 3328 1075 3404 pro
1101 3309 1255 3403 peccatis
1285 3315 1372 3385 tule-

159 3410 230 3497 rit3
256 3426 294 3481 ut
316 3407 422 3481 inodo
448 3408 582 3482 notavi.
632 3408 742 3480 Erant
770 3404 886 3502 utique
911 3403 1026 3478 adhuc
1047 3403 1260 3497 oblationes,
1285 3429 1375 3500 quae

86 3508 91 3517 ’
160 3523 380 3581 mortuorum
404 3502 548 3577 nomine
570 3503 721 3593 fiebant,
746 3526 827 3598 quas
856 3499 920 3599 ipsi
944 3499 1073 3574 mortui
1097 3525 1160 3598 per
1183 3504 1375 3576 Ecclesiam

157 3603 275 3678 facere
301 3603 550 3689 censebantur,
582 3600 738 3694 adeoque
764 3599 854 3672 unde
872 3596 1018 3672 eandem
1042 3598 1303 3692 percipiebant,
1338 3613 1378 3673 ut

160 3702 365 3796 putabatur,
399 3695 602 3779 utilitatem,
634 3719 738 3790 quarn
762 3695 894 3768 habent
920 3694 1017 3785 vivi,
1041 3713 1079 3766 et
1103 3691 1315 3784 habuissent,
1348 3689 1378 3768 si

162 3792 239 3866 vivi
264 3791 429 3881 fuiffent5
454 3814 534 3864 cum
556 3791 619 3886 ipsi
644 3790 777 3866 fuerint
803 3788 990 3866 existimati
1014 3791 1151 3876 meere,
1192 3791 1287 3883 quod
1313 3814 1378 3863 eo·

155 3909 238 3964 suin
265 3889 408 3961 nomine
432 3893 473 3962 ab
498 3887 650 3962 Ecclesia
677 3886 795 3960 fiebat.
1371 3918 1377 3929 ·

211 3980 243 4080 s.
270 3981 367 4058 LIV.
393 3988 448 4059 De
472 3985 571 4058 Locis
596 3983 717 4069 sacris,
754 3981 812 4056 feu
839 3982 1020 4080 Templis,
1055 3997 1135 4051 eum
1159 3975 1247 4052 nihil
1272 3978 1376 4052 habe·

158 4103 238 4174 am,
270 4075 362 4176 quod
383 4080 564 4180 superiore
586 4081 655 4162 sec.
679 4075 779 4249 diiii?
802 4077 923 4158 addam
931 4133 944 4173 ,
977 4076 1022 4151 de
1045 4069 1180 4175 Asylis,
1219 4076 1310 4170 quod
1335 4072 1380 4151 ad

715 4194 822 4273 Ι113
1281 4190 1386 4259 πνεῖ
1423 4200 1426 4204 “
