3008 4830
134 678 208 779 326
516 674 667 777 {sallario
689 673 820 779 Eccles.
834 670 964 778 --Clrist
1045 614 1048 619 Ι

134 854 338 958 proseuchis
362 856 575 955 Judaeorum
600 878 702 933 extra
727 860 850 948 urbes,
873 853 1171 955 defungebantur.
1223 846 1315 953 Qui,
1335 873 1360 931 ι

138 954 339 1031 Christianis
364 955 504 1045 vexati,
545 956 721 1029 nonnullis
747 977 887 1053 quoque
922 950 1121 1040 trucidatis,
1166 947 1364 1027 cunnum

137 1051 354 1127 confelllone
372 1050 555 1147 adoptata,
580 1050 907 1127 etClrristianorum
921 1048 1116 1125 accellione
1131 1044 1249 1137 autu,
1266 1046 1362 1123 Mes·

136 1144 270 1222 sullanis
305 1145 465 1220 feruntur
502 1146 677 1245 originem
712 1148 866 1239 dedille,
908 1150 1003 1245 quod
1034 1144 1074 1219 hi
1111 1144 1205 1218 idem
1240 1140 1362 1219 ceuliti

136 1242 270 1319 fuerint
297 1261 419 1316 tenere
445 1241 652 1319 institutum.
703 1247 761 1319 De
784 1267 854 1343 quo
879 1239 1045 1340 quicquid
1072 1238 1136 1331 lit,
1159 1238 1360 1315 Meffaliaui

136 1359 342 1429 narrantur,
384 1341 547 1414 omnibus
572 1341 673 1416 bonis
689 1340 886 1429 abdicatis,
932 1336 1117 1413 errabundi
1140 1336 1288 1430 vagari,
1321 1354 1359 1411 et

135 1434 262 1531 stipem
286 1454 432 1532 petere,
457 1435 585 1526 noc‘tu,
611 1437 683 1511 stne
706 1438 806 1510 sexus
830 1435 1052 1523 discrimine,
1077 1432 1281 1529 promiscue
1299 1454 1358 1507 eu·

134 1533 240 1623 bare,
265 1534 383 1606 cibum
408 1533 534 1642 quovis
560 1550 741 1628 tempore,
778 1532 870 1605 farne
886 1551 948 1607 aut
964 1528 1113 1605 libidine
1131 1526 1363 1618 stimulante,

135 1627 294 1718 sumere,
318 1626 513 1725 promrlcua
534 1629 608 1715 uti,
632 1630 704 1701 line
727 1626 877 1724 nuptiis,
905 1648 1061 1715 venere3
1084 1623 1222 1720 dequo
1243 1643 1356 1699 tamen

135 1723 205 1822 Epi
233 1722 352 1798 hanius
366 1725 477 1813 dicit,
503 1721 565 1796 fibi
592 1721 678 1798 nihil
702 1722 772 1796 elle
788 1745 1023 1821 compertum.
1069 1720 1259 1795 Praeterea
1274 1722 1379 1817 bor-Q

135 1748 243 1894 xenia
276 1818 321 1891 de
352 1818 397 1893 iis
428 1819 539 1892 refert
564 1819 690 1894 Plellus
722 1821 767 1894 de
792 1824 1020 1908 doemonibus,
1062 1838 1152 1913 quae
1184 1835 1355 1924 exempta

135 1913 273 1988 exstant
288 1914 379 2012 apud
398 1913 576 2006 Tolliurn,
601 1916 667 1991 illia
682 1916 820 2007 similia,
847 1940 933 2014 quae
951 1915 996 1989 de
1012 1908 1355 2008 epulis-Thyesten,

131 2009 296 2107 aliisque,
323 2012 408 2085 olim
433 2010 571 2108 objecta
596 2012 740 2088 fuerunt
763 2015 966 2088 Christianis
991 2006 1259 2098 adeuntibus,
1283 2028 1352 2083 noe

133 2107 278 2203 majoris
302 2106 398 2181 fidei.
446 2109 633 2182 Praetereo
663 2109 729 2183 alia
766 2110 911 2184 ridicula
934 2127 973 2183 et
995 2102 1162 2196 absurda,
1197 2125 1289 2203 quae
1311 2105 1363 2179 de

133 2224 259 2278 eorum
284 2202 331 2276 do
394 2204 508 2277 atibus
530 2221 569 2279 et
595 2205 669 2276 vita
693 2224 888 2280 narrantur.

180 2297 213 2398 l.
238 2301 327 2374 CCC
349 2303 375 2376 l.
413 2301 555 2374 Interea
579 2299 644 2373 alia
666 2300 770 2397 longe
803 2301 896 2375 facie
920 2296 958 2372 hi
982 2293 1145 2370 homines
1165 2316 1355 2394 compare·

132 2394 243 2489 bunt,
269 2396 315 2487 fi,
343 2418 429 2494 quae
445 2419 490 2470 ex
509 2419 629 2470 eorum
645 2418 707 2470 ore
724 2396 986 2493 profluxerunt,
1010 2412 1133 2466 auter
1159 2392 1259 2467 libris
1286 2417 1352 2469 eo·

133 2517 210 2568 rum
238 2496 316 2567 sunt
338 2514 524 2588 excerpta,
550 2492 587 2565 in
611 2494 765 2566 medium
788 2494 1022 2590 proferantur.
1072 2488 1267 2586 Praecipua
1289 2513 1358 2565 eo·

132 2610 209 2662 rum
239 2589 422 2683 dogmata,
449 2588 571 2660 exiliis
599 2589 755 2661 lontibus
780 2588 915 2677 hausta,
941 2587 1013 2659 huc
1035 2585 1193 2661 redeunt.
1247 2610 1279 2659 1.
1301 2587 1357 2660 A·

133 2684 264 2757 nimam
281 2684 460 2774 bominis,
486 2684 594 2777 qualis
616 2682 666 2755 est
692 2710 711 2757 a
736 2685 943 2774 nativitate,
968 2702 1005 2755 et
1020 2703 1144 2757 natura
1168 2682 1248 2773 sua,
1274 2706 1360 2779 per·

132 2779 292 2853 sonaliter
318 2801 338 2850 a
367 2781 492 2851 Satana
528 2777 695 2870 obsideri,
737 2781 893 2878 adeoque
925 2778 994 2855 elle
1025 2784 1174 2853 Satanae
1206 2796 1246 2851 et
1269 2783 1352 2852 Ser-

132 2880 279 2972 pentum
308 2873 540 2948 domicilium.
595 2900 627 2950 a.
654 2877 924 2974 Corruptionem
961 2900 1059 2963 eam,
1102 2872 1262 2968 aprimo
1284 2876 1357 2949 ho·

132 2973 231 3048 mine
256 2989 388 3062 ortam,
420 2971 607 3070 propagari
638 2998 702 3070 per
726 2994 886 3071 parentes
913 2972 954 3046 ad
982 2970 1150 3066 posteros.
1202 2993 1238 3064 3.
1261 2972 1363 3047 Fam·

131 3092 201 3144 nec
219 3067 407 3165 baptismo,
433 3092 500 3142 nec
520 3070 744 3162 eucharistia,
770 3095 836 3147 nec
855 3072 922 3143 ullo
938 3069 1031 3156 ritu,
1055 3083 1114 3141 aut
1130 3065 1358 3142 sacramento

48 3220 54 3228 ,
132 3165 204 3239 alio
228 3166 303 3242 tolli
328 3166 446 3264 polle,
489 3169 647 3266 adeoque
675 3170 825 3264 Templa
850 3186 886 3239 et
921 3162 1151 3239 caerimonias
1182 3185 1257 3237 non
1281 3165 1359 3240 effe

132 3261 250 3337 salutis
271 3265 405 3354 media,
441 3282 502 3337 aut
528 3287 671 3359 magnae
696 3265 865 3338 utilitatis.
916 3288 951 3354 4.
977 3262 1045 3334 Sed
1077 3260 1146 3332 sola
1169 3260 1357 3352 oratione,

132 3374 172 3434 et
196 3361 377 3455 precibus,
402 3357 584 3430 hominem
602 3357 749 3432 liberari.
797 3381 831 3448 5.
859 3360 964 3431 Tunc
983 3355 1145 3453 quidem,
1170 3378 1253 3430 cum
1271 3360 1357 3455 Spi-

133 3456 223 3531 ritus
247 3457 280 3528 S.
304 3454 341 3527 in
368 3451 514 3526 animam
540 3453 709 3544 illabitur,
751 3456 801 3529 ita
829 3474 866 3527 ut
890 3455 925 3527 se
948 3453 1178 3550 personaliter
1200 3474 1285 3528 cum
1309 3478 1358 3533 ea

133 3553 255 3641 uniat,
295 3567 332 3622 et
357 3545 455 3623 sensu
488 3548 710 3648 percipiatur.
764 3558 796 3626 6.
824 3554 889 3622 Per
915 3552 1006 3624 hanc
1030 3548 1176 3642 Spiritus
1200 3550 1355 3645 partici-

130 3649 314 3746 pationem
342 3645 482 3720 liberari
507 3646 684 3720 hominem
715 3648 757 3720 ab
783 3648 878 3719 omni
907 3643 1170 3742 perturbatione
1196 3647 1355 3740 mentis,

129 3766 171 3820 et
196 3745 424 3821 inclinatione
451 3741 491 3816 ad
507 3743 644 3817 malum.
696 3763 729 3834 7.
755 3743 923 3816 Liberato
947 3765 1084 3833 autem,
1109 3762 1150 3814 ac
1173 3743 1354 3838 aSpiritu

131 3842 269 3918 obsesso
296 3860 335 3915 et
359 3838 487 3929 ducto,
513 3860 580 3913 nec
603 3838 740 3937 jejunia
765 3840 833 3914 ell'e
860 3837 1067 3929 omeliaria,
1099 3859 1167 3910 nec
1190 3836 1355 3914 doctrina

131 3937 328 4018 instruente
351 3962 390 4014 ac
413 3937 625 4012 informante
651 3961 740 4033 opus
769 3936 857 4024 elle,
896 3938 1006 4009 multo
1035 3935 1149 4009 minus
1183 3940 1216 4012 8.
1242 3936 1355 4009 Tem·

130 4040 219 4140 plis,
251 4033 450 4110 externisve
474 4032 611 4109 ritibus.
664 4035 828 4108 Concinit
857 4032 1090 4128 aliquatenus,
1123 4029 1219 4126 quod
1242 4028 1350 4105 Ams-

131 4136 234 4215 tafiur
248 4132 408 4212 Sin.·uel
432 4128 589 4229 quisquis
611 4147 714 4207 autor
731 4130 805 4224 ell',
830 4126 899 4203 loc.
927 4128 996 4203 Vl.
1020 4129 1060 4207 in
1079 4123 1362 4302 Qaruejlr'rrr'drr⁰3⁶
