3008 4830
129 685 207 785 4⁶<
517 666 958 774 lastarifactlejeclrffl.

188 784 194 803 s

168 851 232 928 ulis
258 848 441 940 Eccleliia,
459 846 526 921 uti
552 849 766 949 Hieronym.
788 874 847 947 epa
869 874 907 943 4.
930 849 974 925 'ad
999 840 1184 924 Rusticum
1205 830 1327 939 inlisit,¹
1409 836 1416 900 l

139 878 283 1024 {icensz
309 944 437 1041 fingali
460 941 680 1036 Eacltfiantn
705 948 880 1043 Episcopi,
906 945 1033 1043 fingatis
1063 947 1332 1044 Arclaipraslylaii,

137 1040 265 1142 singuli
293 1042 533 1119 Arclzidiatani.
584 1043 643 1115 De
675 1061 836 1140 tempore
868 1043 1019 1119 instituti
1045 1043 1332 1117 archidiaconns

146 1140 236 1215 nihil
261 1137 350 1213 certi
377 1135 531 1226 constat,
574 1135 639 1210 nist
664 1142 757 1234 quod
783 1157 898 1213 aetate
930 1136 1150 1236 Hieronymi
1177 1140 1246 1235 jam
1265 1136 1332 1213 obti-

144 1235 355 1405 tulat
375 1257 432 1403 a
450 1231 943 1404 lltlnanlaaa
969 1233 1336 1426 actuata

340 1388 348 1404 ·
952 1384 964 1418 a

148 1445 317 1618 iiiii„
332 1423 1005 1629 lillaill‘lssllltillllm‘li
1018 1423 1340 1607 §allisisti

148 1640 218 1705 nec
242 1623 350 1693 etiam
374 1615 512 1712 usquam
541 1618 752 1710 Cyprianus:
803 1636 936 1691 tantum
968 1615 1176 1695 Athanasius
1199 1640 1220 1693 a
1242 1616 1343 1691 Tinea·

151 1715 266 1792 doret.
293 1713 342 1787 H.
368 1715 395 1786 1:
424 1717 481 1785 26.
513 1712 663 1803 princeps
692 1714 812 1783 ordinis
847 1715 1048 1788 diaconorum
1078 1712 1283 1809 adpellitur,
1312 1724 1342 1782 tt

153 1806 412 1904 Archidiaconi
434 1802 597 1881 meminit
614 1804 763 1882 lstdotua
779 1807 947 1883 Pelufiota
970 1809 992 1882 l.
1011 1811 1039 1882 1.
1064 1830 1124 1903 ep.
1151 1830 1207 1899 29.
1225 1828 1262 1881 et
1278 1824 1341 1901 πῃ.

151 1925 189 1993 et
216 1901 444 1980 Caecilianum
471 1925 517 1974 eo
542 1901 640 1976 titulo
671 1902 850 2001 infignivit
876 1905 1027 1999 Optatus
1052 1904 1288 1981 Milevianut

201 2000 233 2100 i.
256 1998 403 2073 LXXX.
445 1996 622 2096 RespeEiu
647 2000 820 2074 coelibatus
845 1999 1063 2075 Clericorum
1089 2020 1154 2073 aea
1176 1998 1214 2073 in
1235 1997 1341 2074 eaden
1392 2080 1398 2089 ,

151 2096 228 2175 sere
252 2094 339 2169 statu
366 2092 498 2168 mansit.
550 2093 669 2167 Siricii
699 2098 814 2190 Papae
844 2097 959 2190 legem
985 2095 1036 2168 'de
1063 2096 1237 2169 coelibatu
1261 2112 1345 2168 tenu·

153 2191 254 2271 vavit
288 2205 326 2263 et
359 2187 582 2264 confirmavit
614 2190 843 2269 Innocentius
871 2191 905 2264 in
941 2188 1041 2286 epist.
1076 2189 1120 2264 ad
1155 2188 1344 2267 vinacium

155 2287 502 2382 Rothomagensem,
527 2301 564 2354 et
588 2283 805 2380 Exuperium
831 2283 1054 2360 Tolosanum.
1103 2286 1227 2361 Canon
1248 2283 1346 2359 canei·

155 2386 195 2462 lii
220 2380 420 2461 Arauficani
446 2382 494 2469 l.,
528 2378 565 2451 in
594 2379 724 2467 Gallia,
758 2381 884 2470 habet,
916 2408 976 2454 aaa
1007 2386 1156 2477 deinceps
1184 2382 1346 2456 arimannis

155 2482 216 2579 effa
248 2485 396 2555 diacanos
427 2481 638 2573 conjugatas,
678 2477 740 2570 nist
768 2481 820 2570 qui
846 2481 937 2570 prius
970 2476 1180 2568 conversionis
1211 2471 1345 2575 prapafin

151 2573 286 2676 prafff
302 2573 436 2669 suerint
464 2570 671 2660 castitatem
716 2573 854 2644 additur
886 2597 1021 2646 canone
1045 2573 1213 2670 sequente
1236 2568 1348 2671 depuli·

155 2670 264 2748 tionis
300 2688 444 2762 poena,
486 2665 510 2736 ss
542 2687 622 2736 cum
663 2689 772 2738 uxore
805 2668 861 2740 sua
897 2669 1121 2743 incontinens
1162 2671 1350 2745 inveniatur.
1414 2712 1416 2747 ;

157 2762 326 2843 Concinit
350 2782 464 2833 canon
487 2758 696 2834 Arelatensis
723 2764 767 2835 ll.
793 2784 831 2835 et
860 2764 944 2836 hinc
962 2765 1210 2860 explicandus;
1233 2768 1290 2864 qai
1305 2766 1352 2838 ha·

159 2867 243 2953 bet,
288 2854 411 2954 adsumi
440 2877 500 2926 nan
521 2850 606 2948 ptffe
630 2860 768 2953 aliquem
792 2864 836 2931 ad
851 2858 1068 2954 sacerdotium
1092 2867 1126 2934 in
1150 2865 1275 2938 vincula
1299 2884 1357 2934 tan·

152 2963 245 3062 Jag'ii
271 2950 497 3050 constitutum,
522 2948 583 3060 taisi
598 2954 856 3050 primumfaerit
870 2956 1018 3051 proinssa
1044 2956 1218 3051 canuafia,
1242 2959 1362 3033 seilicet

155 3060 199 3132 ad
223 3051 409 3150 castitatem
437 3068 474 3122 et
498 3045 744 3127 abstinentiam
768 3078 786 3128 a
812 3056 972 3150 conjuge.
1021 3056 1096 3129 Leo
1118 3078 1259 3152 quoque
1280 3056 1365 3150 Papa

157 3174 231 3226 non
259 3165 392 3222 tantum
418 3141 565 3223 sancivit
592 3149 823 3237 coelibatum,
857 3148 915 3222 sed
939 3149 1041 3223 etad
1067 3149 1297 3226 subdiaconos
1314 3171 1370 3224 ex·

159 3245 286 3321 tendit.
337 3243 502 3339 Denique
519 3265 631 3316 canon
649 3265 766 3336 yantas
781 3244 858 3318 cod.
878 3245 1037 3319 Africani
1057 3245 1184 3341 Episeo
1211 3247 1262 3338 ia,
1285 3250 1375 3322 Pret-

157 3342 312 3440 byteris‚
332 3359 369 3413 et
386 3336 577 3447 Diaconos,
601 3337 841 3412 abstinentiam
860 3344 902 3413 ab
924 3341 1088 3416 uxoribus
1104 3271 1263 3417 absolute
1281 3364 1375 3442 prae·

156 3438 265 3537 cipit,
306 3435 363 3506 cui
390 3451 549 3506 concinat
579 3456 693 3507 canon
722 3436 879 3509 Telensis
911 3463 941 3510 a.
967 3449 1051 3526 428.
1084 3438 1173 3534 apud
1201 3441 1379 3515 Baluziatn

159 3537 197 3616 in
224 3558 304 3609 naua
329 3528 471 3617 collatio
506 3527 564 3600 sed
592 3529 727 3603 Graeca
752 3532 895 3605 canonis
910 3532 1068 3606 Africani
1091 3532 1207 3607 versio
1232 3537 1379 3634 aliquam

158 3632 257 3707 addit
290 3623 566 3732 restriilionem3
609 3624 669 3699 ubi
695 3627 836 3722 jubetur
861 3627 1086 3720 abstinentia,
1128 3631 1215 3704 amal
1233 3635 1286 3712 τὰς
1307 3637 1379 3711 litat

159 3728 240 3826 ἤμεε
266 3747 352 3821 quae
370 3722 476 3794 verba
500 3717 584 3815 quid
603 3716 666 3795 libi
684 3726 815 3815 velint,
842 3724 987 3798 dubium
1016 3724 1077 3801 est.
1126 3729 1305 3806 Scholion
1318 3729 1382 3805 ali·

160 3822 254 3925 quod
279 3819 368 3916 apud
394 3814 627 3910 Beveregiunn
658 3818 701 3893 ad
725 3845 801 3897 can.
828 3822 889 3895 cit.
913 3823 1041 3913 habet,
1082 3839 1245 3920 tempore
1272 3825 1385 3903 admi·

161 3916 373 4014 nistrationis
395 3914 567 3989 sacrorum
592 3938 653 3989 eos
678 3915 845 3992 abstinere
862 3917 1004 3995 dehere.
1056 3920 1139 4020 Qio
1155 3920 1267 3998 etiam
1291 3922 1378 3996 mni

161 4012 274 4116 posset
298 4035 410 4086 canon
436 4008 683 4102 iliberitanus,
709 4014 750 4088 ad
776 4016 841 4088 sec.
872 4015 937 4089 IV.
971 4015 1033 4090 sao
1058 4019 1139 4091 loco
1166 4015 1268 4117 supra
1289 4019 1373 4093 cina

160 4133 236 4217 too,
265 4107 353 4211 quia.
368 4105 537 4207 clericis,
567 4109 603 4184 ia
622 4111 798 4215 ainiJlain
817 4109 968 4215 pastris„
991 4111 1218 4197 interdicitus
1242 4131 1378 4287 ειηὲιῐπι
