3074 4838
138 662 239 781 ᾆδ’·
545 671 695 776 ludiim
725 670 855 778 Ecclefi
880 672 997 779 Christ.

144 876 262 949 tutor,
286 855 346 954 qui
365 832 697 932 communicationis
712 855 966 947 Ecclefiaruii'i,
992 875 1075 930 cum
1090 852 1278 953 Episcopo
1295 802 1391 929 Ros

146 977 272 1044 mario,
297 972 459 1051 tanquam
483 950 633 1027 uimium
659 960 821 1045 remoto,
863 951 1085 1028 'exercendae
1109 975 1201 1049 ergo
1221 952 1369 1047 quidem

143 1050 183 1125 in
206 1048 312 1125 initio
334 1047 415 1123 surii
438 1046 653 1139 introducti,
695 1047 756 1123 sed
775 1051 853 1146 jura
886 1068 923 1123 et
958 1046 1170 1146 potestatem
1205 1047 1377 1142 Paparurrr

146 1144 248 1223 brevi
286 1141 365 1242 post
396 1162 670 1241 promoverunt.
737 1145 857 1247 Qualis
905 1145 976 1218 hoe
1008 1143 1125 1220 seculo
1158 1141 1225 1218 fuit
1259 1142 1373 1219 Rufus

147 1237 412 1330 Thelsalonic.,
438 1240 574 1336 primus
599 1244 671 1314 linc
694 1241 823 1316 vicarii
839 1241 963 1314 ‘titulo
982 1258 1127 1314 ornatus
1152 1261 1182 1314 a.
1206 1261 1317 1348 rapi„
1338 1255 1373 1312 et

141 1333 1367 1541 illinitiilishrlilllsselliiiiluillafltl

142 1527 235 1602 ricto
259 1526 362 1624 Papia
390 1525 576 1601 constituti
601 1526 770 1601 fuerunt:
809 1533 904 1623 quod
940 1527 1194 1601 Tillernontius
1224 1548 1264 1602 ru
1296 1526 1365 1600 Da·

143 1622 241 1699 maso
264 1626 480 1701 innotuimi's
504 1626 630 1696 nomine
654 1620 916 1719 reprehendit,
985 1640 1150 1719 ropterea
1175 1645 1195 1696 a
1230 1620 1368 1697 uoviffi·

141 1743 205 1810 mo
229 1721 385 1814 Operum
409 1715 547 1826 Damasi
573 1717 732 1809 editore,
757 1715 796 1791 iu
821 1645 1000 1815 praemida
1022 1713 1186 1792 dissertat.
1210 1716 1370 1814 degessit

142 1814 303 1907 Damnst,
336 1813 465 1908 injuria
489 1810 712 1910 peribimus,
750 1835 831 1888 cum
858 1814 941 1888 salso
964 1812 1194 1887 fundamento
1227 1836 1367 1887 univer·

142 1909 287 1985 salitatii
312 1906 539 2005 Episcopatus
563 1908 717 1984 Romani
745 1908 781 1983 id
811 1911 929 1984 iaciat.
978 1911 1022 1982 In
1047 1909 1169 1983 Galliis
1191 1930 1285 1983 vero
1301 1932 1361 2005 po·

116 2003 309 2103 ,tilllmum
336 2005 421 2078 tales
446 2007 643 2078 habuerunt
669 2004 855 2098 vicarios,
888 2025 927 2079 ut
949 2005 1144 2078 Patroclum
1181 2006 1362 2079 Arelaten-

139 2101 235 2190 sem‚
260 2096 298 2175 'et
322 2101 425 2191 alios,
452 2101 577 2196 quibus
597 2100 808 2195 potestatem
832 2103 1006 2176 dederunt
1029 2100 1251 2175 concedendi
1276 2103 1363 2174 litie-

140 2220 200 2273 ras
223 2194 413 2289 fumarat,
456 2195 607 2268 concilia
644 2197 850 2272 dioecesana
889 2197 1131 2288 convocandi,
1175 2197 1219 2270 de
1254 2197 1362 2272 causis

138 2293 396 2391 Episcoporum
423 2287 679 2388 cognoscendi,
709 2310 747 2366 et
771 2317 827 2368 eas
852 2293 1034 2366 adsedem
1059 2294 1256 2367 Romanam
1276 2315 1359 2367 evo·

142 2390 260 2465 candi.
296 2389 382 2463 Vid.
401 2387 597 2461 Blondellus
614 2388 746 2464 differt.
774 2391 818 2463 de
836 2390 981 2480 Wcuriis
1005 2389 1213 2480 Galliarum,
1237 2389 1363 2462 inserta

136 2484 235 2562 libris
260 2484 304 2556 de
330 2487 480 2558 Primam
509 2481 687 2577 Ecclefioe.
738 2485 846 2574 Sunt,
878 2486 938 2581 qui
968 2502 1111 2580 putant,
1154 2483 1356 2559 vicariatum

135 2581 181 2656 ad
205 2577 313 2675 ipsam
339 2580 455 2650 sedem
483 2577 751 2652 Alexandrinam
777 2580 969 2654 extendisse
993 2583 1117 2675 Papus,
1156 2581 1239 2677 quia
1271 2584 1352 2655 cae·

135 2672 276 2752 lestinus
303 2671 340 2746 in
364 2671 474 2768 Epist.
501 2673 544 2745 ad
571 2675 712 2747 Clerum
739 2676 841 2750 CPol.
866 2674 972 2763 dicit,
1014 2677 1048 2748 se
1072 2683 1173 2751 uicem
1200 2676 1295 2753 suam
1319 2674 1353 2750 iri

134 2766 281 2869 Synodo
306 2788 429 2843 contra
453 2768 643 2866 Eutychen
668 2770 887 2847 demandasse
901 2770 1015 2864 fratri
1032 2771 1093 2864 suo
1119 2774 1266 2870 cyrillo,
1297 2771 1354 2847 sed

133 2888 236 2945 meris
261 2864 336 2961 ejui
359 2886 442 2975 non·
457 2860 528 2955 est,
565 2863 729 2964 Cyrillum
758 2866 838 2940 sore
864 2867 961 2941 suum
985 2867 1177 2960 vicarium,
1211 2892 1355 2958 verum,

133 2983 177 3040 ut
199 2961 350 3037 amicum
374 2959 499 3050 amici,
526 2963 578 3036 ita
603 2987 685 3036 eum
709 2966 823 3059 Papae
847 2983 966 3058 partes
984 2987 1055 3061 quo
1080 2987 1123 3038 ue
1140 2965 1178 3038 in
1206 2963 1358 3040 concilio

132 3058 291 3134 auarum
306 3056 397 3151 effe,
422 3056 498 3152 jure
521 3060 782 3155 procuratorio.
834 3061 893 3132 De
917 3081 988 3156 quo
1005 2987 1135 3156 podea.
1188 3065 1353 3137 Ceterum

130 3153 339 3231 Vtcaiiatus·
354 3155 504 3229 multum
531 3156 574 3231 ad
598 3157 756 3261 papalem
780 3155 933 3230 contulit
969 3152 1179 3250 potestatem
1213 3180 1353 3254 proino·

128 3249 301 3337 vendam,
334 3272 416 3326 cum
439 3273 485 3322 eo
507 3249 583 3344 ipso
605 3250 782 3325 Ecclesiae
806 3249 885 3323 illae
910 3251 1045 3325 fuerint
1095 3253 1282 3328 Romanae
1304 3254 1354 3330 se·

125 3345 165 3424 di
187 3343 383 3441 subjectae,
407 3367 477 3420 nec
497 3343 776 3444 Metropolitaui
799 3346 947 3444 amplius
969 3348 1050 3435 suo,
1081 3345 1141 3421 sed
1167 3347 1353 3426 vicariatus

121 3446 224 3546 jure,
249 3440 368 3513 omnia
385 3438 546 3537 egerint,
572 3465 661 3540 quae
683 3440 767 3514 alias
783 3437 846 3514 suo
865 3441 1081 3539 potuillent,
1106 3443 1262 3541 denique
1277 3446 1352 3522 firn-

121 3545 329 3627 (lamentum
351 3532 400 3610 ita
423 3535 465 3611 lit
485 3536 620 3635 Jaiium
644 3532 857 3611 monstrosae
884 3563 906 3612 o
934 3537 1087 3627 imonis,
1130 3563 1221 3636 quae
1252 3541 1352 3617 dein·

121 3661 207 3733 cepi
230 3635 379 3712 invaluit
404 3632 448 3706 de
468 3636 668 3728 plenitudine
691 3631 866 3732 potestatis
910 3633 976 3708 olis
1008 3633 1110 3731 Papia
1139 3655 1348 3729 competeo·

121 3758 180 3824 te,
218 3753 298 3808 cum
320 3729 446 3827 reliqui
473 3729 667 3845 Episcopi,
713 3731 750 3805 in
774 3749 914 3900 §artem
938 3729 1174 3805 solicitudinis
1197 3753 1220 3804 a
1240 3728 1350 3827 Papio

121 3828 264 3919 vocati,
301 3849 378 3904 enm
407 3843 597 3924 accipiant.
652 3824 740 3903 Vid.
805 3825 963 3903 oelimer.
996 3824 1362 3927 Jui.uoc1es.i.1.·

124 3950 197 4128 mi.
206 3949 351 4095 ⁷Lx1x.
385 4019 600 4108 Orientales,
624 4017 689 4095 etsi
718 4020 847 4096 nullam
870 4020 1040 4116 Paparum
1063 4019 1103 4098 iii
1118 4021 1155 4096 se
1179 4021 1345 4099 autorita-

65 4172 80 4196 κ
117 4138 192 4233 pem
213 4134 273 4200 aut
294 4113 507 4217 potestatem
542 4113 773 4235 agnoverint,
814 4136 939 4196 eorum
970 4133 1088 4199 tamen
1115 4118 1357 4230 ambitionem

136 4250 167 4263 “’
1256 4233 1366 4294 nimia
