<?xml version="1.0" encoding="UTF-8"?>
<!DOCTYPE html PUBLIC "-//W3C//DTD XHTML 1.0 Transitional//EN"
    "http://www.w3.org/TR/xhtml1/DTD/xhtml1-transitional.dtd">
<html xmlns="http://www.w3.org/1999/xhtml" xml:lang="en" lang="en">
 <head>
  <title>
</title>
<meta http-equiv="Content-Type" content="text/html;charset=utf-8" />
  <meta name='ocr-system' content='tesseract 3.04.00' />
  <meta name='ocr-capabilities' content='ocr_page ocr_carea ocr_par ocr_line ocrx_word'/>
</head>
<body>
  <div class='ocr_page' id='page_1' title='image "./hermannivenemai02venegoog_0711.png"; bbox 0 0 3008 4830; ppageno 0'>
   <div class='ocr_carea' id='block_1_1' title="bbox 282 642 1105 761">
    <p class='ocr_par' dir='ltr' id='par_1_1' title="bbox 282 642 1105 761">
     <span class='ocr_line' id='line_1_1' title="bbox 282 642 1105 761; baseline -0.016 -22"><span class='ocrx_word' id='word_1_1' title='bbox 282 682 354 761; x_wconf 73' lang='lat'>714</span> <span class='ocrx_word' id='word_1_2' title='bbox 663 642 963 747; x_wconf 64' lang='lat' dir='ltr'>ldllorr&#39;dcdrs.</span> <span class='ocrx_word' id='word_1_3' title='bbox 987 644 1105 748; x_wconf 70' lang='lat' dir='ltr'>ranst.</span> 
     </span>
    </p>
   </div>
   <div class='ocr_carea' id='block_1_2' title="bbox 194 821 1504 4285">
    <p class='ocr_par' dir='ltr' id='par_1_2' title="bbox 194 821 1504 4285">
     <span class='ocr_line' id='line_1_2' title="bbox 277 821 1492 925; baseline -0.012 -8"><span class='ocrx_word' id='word_1_4' title='bbox 277 836 410 921; x_wconf 82' lang='lat' dir='ltr'>tellum</span> <span class='ocrx_word' id='word_1_5' title='bbox 432 831 470 913; x_wconf 79' lang='lat' dir='ltr'>ln</span> <span class='ocrx_word' id='word_1_6' title='bbox 494 829 638 916; x_wconf 88' lang='lat' dir='ltr'>historia</span> <span class='ocrx_word' id='word_1_7' title='bbox 654 828 791 911; x_wconf 82' lang='lat' dir='ltr'>urbium</span> <span class='ocrx_word' id='word_1_8' title='bbox 805 823 1032 924; x_wconf 84' lang='lat' dir='ltr'>Metropolit.</span> <span class='ocrx_word' id='word_1_9' title='bbox 1048 826 1148 925; x_wconf 51' lang='lat' dir='ltr'>pin</span> <span class='ocrx_word' id='word_1_10' title='bbox 1175 821 1253 901; x_wconf 77' lang='lat' dir='ltr'>diff:</span> <span class='ocrx_word' id='word_1_11' title='bbox 1270 848 1306 922; x_wconf 70' lang='lat'>3.</span> <span class='ocrx_word' id='word_1_12' title='bbox 1347 824 1392 904; x_wconf 74' lang='lat' dir='ltr'>et</span> <span class='ocrx_word' id='word_1_13' title='bbox 1409 827 1492 907; x_wconf 80' lang='lat' dir='ltr'>alios</span> 
     </span>
     <span class='ocr_line' id='line_1_3' title="bbox 286 921 1500 1032; baseline -0.011 -19"><span class='ocrx_word' id='word_1_14' title='bbox 286 932 445 1032; x_wconf 85' lang='lat' dir='ltr'>inprimis</span> <span class='ocrx_word' id='word_1_15' title='bbox 471 930 678 1005; x_wconf 89' lang='lat' dir='ltr'>Ruinartum</span> <span class='ocrx_word' id='word_1_16' title='bbox 703 922 781 1002; x_wconf 82' lang='lat' dir='ltr'>diff.</span> <span class='ocrx_word' id='word_1_17' title='bbox 803 925 850 1001; x_wconf 86' lang='lat' dir='ltr'>de</span> <span class='ocrx_word' id='word_1_18' title='bbox 870 926 972 1023; x_wconf 82' lang='lat' dir='ltr'>pallio</span> <span class='ocrx_word' id='word_1_19' title='bbox 996 921 1312 1022; x_wconf 73' lang='lat' dir='ltr'>Archirpiscopali,</span> <span class='ocrx_word' id='word_1_20' title='bbox 1347 927 1386 999; x_wconf 86' lang='lat' dir='ltr'>in</span> <span class='ocrx_word' id='word_1_21' title='bbox 1427 947 1500 1024; x_wconf 85' lang='lat' dir='ltr'>ope</span> 
     </span>
     <span class='ocr_line' id='line_1_4' title="bbox 288 1018 1451 1111; baseline -0.015 -2"><span class='ocrx_word' id='word_1_22' title='bbox 288 1031 382 1109; x_wconf 84' lang='lat' dir='ltr'>ribus</span> <span class='ocrx_word' id='word_1_23' title='bbox 402 1025 596 1103; x_wconf 85' lang='lat' dir='ltr'>Posthumir</span> <span class='ocrx_word' id='word_1_24' title='bbox 620 1018 852 1111; x_wconf 77' lang='lat' dir='ltr'>Mabillonii,</span> <span class='ocrx_word' id='word_1_25' title='bbox 871 1041 911 1097; x_wconf 85' lang='lat' dir='ltr'>et</span> <span class='ocrx_word' id='word_1_26' title='bbox 935 1020 1122 1110; x_wconf 83' lang='lat' dir='ltr'>Ruiuarti,</span> <span class='ocrx_word' id='word_1_27' title='bbox 1150 1040 1238 1096; x_wconf 88' lang='lat' dir='ltr'>tom.</span> <span class='ocrx_word' id='word_1_28' title='bbox 1265 1020 1294 1095; x_wconf 87' lang='lat'>1.</span> <span class='ocrx_word' id='word_1_29' title='bbox 1448 1043 1451 1049; x_wconf 86' lang='lat'>·</span> 
     </span>
     <span class='ocr_line' id='line_1_5' title="bbox 337 1114 1494 1227; baseline -0.011 -28"><span class='ocrx_word' id='word_1_30' title='bbox 337 1127 369 1227; x_wconf 81' lang='lat'>§.</span> <span class='ocrx_word' id='word_1_31' title='bbox 393 1120 634 1199; x_wconf 84' lang='lat' dir='ltr'><strong>CCLXXXII.</strong></span> <span class='ocrx_word' id='word_1_32' title='bbox 666 1119 709 1195; x_wconf 88' lang='lat' dir='ltr'>ln</span> <span class='ocrx_word' id='word_1_33' title='bbox 734 1116 844 1216; x_wconf 81' lang='lat' dir='ltr'>ipsam</span> <span class='ocrx_word' id='word_1_34' title='bbox 870 1114 1060 1195; x_wconf 83' lang='lat' dir='ltr'>Ecclesiam</span> <span class='ocrx_word' id='word_1_35' title='bbox 1082 1117 1308 1192; x_wconf 85' lang='lat' dir='ltr'>CPolitanam</span> <span class='ocrx_word' id='word_1_36' title='bbox 1336 1114 1400 1191; x_wconf 88' lang='lat' dir='ltr'>fibi</span> <span class='ocrx_word' id='word_1_37' title='bbox 1421 1115 1494 1187; x_wconf 91' lang='lat' dir='ltr'>rnul</span> 
     </span>
     <span class='ocr_line' id='line_1_6' title="bbox 289 1212 1501 1315; baseline -0.01 -20"><span class='ocrx_word' id='word_1_38' title='bbox 289 1240 364 1301; x_wconf 85' lang='lat' dir='ltr'>tum</span> <span class='ocrx_word' id='word_1_39' title='bbox 389 1215 567 1315; x_wconf 79' lang='lat' dir='ltr'>adrogasse</span> <span class='ocrx_word' id='word_1_40' title='bbox 601 1212 690 1312; x_wconf 87' lang='lat' dir='ltr'>juris</span> <span class='ocrx_word' id='word_1_41' title='bbox 719 1216 827 1310; x_wconf 82' lang='lat' dir='ltr'>Papus</span> <span class='ocrx_word' id='word_1_42' title='bbox 850 1214 1053 1302; x_wconf 76' lang='lat' dir='ltr'>Romanos,</span> <span class='ocrx_word' id='word_1_43' title='bbox 1087 1235 1138 1287; x_wconf 76' lang='lat' dir='ltr'>‚ex</span> <span class='ocrx_word' id='word_1_44' title='bbox 1170 1212 1356 1310; x_wconf 76' lang='lat' dir='ltr'>superiore</span> <span class='ocrx_word' id='word_1_45' title='bbox 1387 1233 1501 1286; x_wconf 89' lang='lat' dir='ltr'>eoru</span> 
     </span>
     <span class='ocr_line' id='line_1_7' title="bbox 291 1308 1504 1409; baseline -0.011 -16"><span class='ocrx_word' id='word_1_46' title='bbox 291 1315 438 1394; x_wconf 85' lang='lat' dir='ltr'>hilloria</span> <span class='ocrx_word' id='word_1_47' title='bbox 462 1313 542 1388; x_wconf 82' lang='lat' dir='ltr'>satis</span> <span class='ocrx_word' id='word_1_48' title='bbox 564 1308 709 1387; x_wconf 89' lang='lat' dir='ltr'>constat.</span> <span class='ocrx_word' id='word_1_49' title='bbox 740 1308 935 1407; x_wconf 81' lang='lat' dir='ltr'>Gregorius</span> <span class='ocrx_word' id='word_1_50' title='bbox 956 1311 1024 1409; x_wconf 66' lang='lat' dir='ltr'>ips.</span> <span class='ocrx_word' id='word_1_51' title='bbox 1038 1310 1062 1385; x_wconf 88' lang='lat'>1.</span> <span class='ocrx_word' id='word_1_52' title='bbox 1085 1309 1173 1384; x_wconf 88' lang='lat' dir='ltr'>Vll.</span> <span class='ocrx_word' id='word_1_53' title='bbox 1199 1333 1259 1406; x_wconf 87' lang='lat' dir='ltr'>ep.</span> <span class='ocrx_word' id='word_1_54' title='bbox 1285 1317 1348 1403; x_wconf 81' lang='lat'>67.¹</span> <span class='ocrx_word' id='word_1_55' title='bbox 1382 1310 1448 1382; x_wconf 58' lang='lat' dir='ltr'>nuc</span> <span class='ocrx_word' id='word_1_56' title='bbox 1488 1338 1504 1364; x_wconf 83' lang='lat'>·-</span> 
     </span>
     <span class='ocr_line' id='line_1_8' title="bbox 290 1402 1503 1502; baseline -0.012 -14"><span class='ocrx_word' id='word_1_57' title='bbox 290 1411 371 1489; x_wconf 84' lang='lat' dir='ltr'>stam</span> <span class='ocrx_word' id='word_1_58' title='bbox 387 1410 488 1486; x_wconf 88' lang='lat' dir='ltr'>CPol.</span> <span class='ocrx_word' id='word_1_59' title='bbox 512 1407 671 1483; x_wconf 85' lang='lat' dir='ltr'>adfirmat</span> <span class='ocrx_word' id='word_1_60' title='bbox 694 1403 766 1489; x_wconf 77' lang='lat' dir='ltr'>effe</span> <span class='ocrx_word' id='word_1_61' title='bbox 789 1404 862 1481; x_wconf 91' lang='lat' dir='ltr'>sedi</span> <span class='ocrx_word' id='word_1_62' title='bbox 884 1402 1118 1501; x_wconf 38' lang='lat' dir='ltr'>apostolicae:</span> <span class='ocrx_word' id='word_1_63' title='bbox 1132 1403 1344 1502; x_wconf 73' lang='lat' dir='ltr'>subjectam,</span> <span class='ocrx_word' id='word_1_64' title='bbox 1371 1407 1418 1479; x_wconf 89' lang='lat' dir='ltr'>ab</span> <span class='ocrx_word' id='word_1_65' title='bbox 1444 1424 1503 1474; x_wconf 88' lang='lat' dir='ltr'>orn</span> 
     </span>
     <span class='ocr_line' id='line_1_9' title="bbox 293 1499 1493 1669; baseline -0.011 -85"><span class='ocrx_word' id='word_1_66' title='bbox 293 1511 398 1584; x_wconf 83' lang='lat' dir='ltr'>nibus</span> <span class='ocrx_word' id='word_1_67' title='bbox 422 1507 582 1603; x_wconf 76' lang='lat' dir='ltr'>agnosci·</span> <span class='ocrx_word' id='word_1_68' title='bbox 600 1503 687 1581; x_wconf 87' lang='lat' dir='ltr'>Vid.</span> <span class='ocrx_word' id='word_1_69' title='bbox 713 1522 751 1577; x_wconf 93' lang='lat' dir='ltr'>et</span> <span class='ocrx_word' id='word_1_70' title='bbox 773 1501 796 1578; x_wconf 91' lang='lat' dir='ltr'>l.</span> <span class='ocrx_word' id='word_1_71' title='bbox 828 1502 893 1578; x_wconf 82' lang='lat' dir='ltr'>IX.</span> <span class='ocrx_word' id='word_1_72' title='bbox 925 1523 986 1610; x_wconf 85' lang='lat' dir='ltr'>ep.</span> <span class='ocrx_word' id='word_1_73' title='bbox 1022 1524 1080 1577; x_wconf 85' lang='lat' dir='ltr'>ru.</span> <span class='ocrx_word' id='word_1_74' title='bbox 1115 1501 1184 1575; x_wconf 86' lang='lat' dir='ltr'>Sed</span> <span class='ocrx_word' id='word_1_75' title='bbox 1209 1499 1384 1669; x_wconf 64' lang='lat' dir='ltr'>Episcopi</span> <span class='ocrx_word' id='word_1_76' title='bbox 1410 1501 1493 1573; x_wconf 86' lang='lat' dir='ltr'>CPo</span> 
     </span>
     <span class='ocr_line' id='line_1_10' title="bbox 294 1593 1497 1696; baseline -0.009 -18"><span class='ocrx_word' id='word_1_77' title='bbox 294 1600 340 1681; x_wconf 88' lang='lat' dir='ltr'>iis</span> <span class='ocrx_word' id='word_1_78' title='bbox 364 1605 519 1696; x_wconf 84' lang='lat' dir='ltr'>semper,</span> <span class='ocrx_word' id='word_1_79' title='bbox 550 1617 717 1696; x_wconf 89' lang='lat' dir='ltr'>quantum</span> <span class='ocrx_word' id='word_1_80' title='bbox 739 1616 846 1694; x_wconf 85' lang='lat' dir='ltr'>pote,</span> <span class='ocrx_word' id='word_1_81' title='bbox 878 1593 1101 1686; x_wconf 76' lang='lat' dir='ltr'>restiterunt,</span> <span class='ocrx_word' id='word_1_82' title='bbox 1133 1618 1202 1671; x_wconf 92' lang='lat' dir='ltr'>nec</span> <span class='ocrx_word' id='word_1_83' title='bbox 1225 1597 1320 1670; x_wconf 90' lang='lat' dir='ltr'>ilam</span> <span class='ocrx_word' id='word_1_84' title='bbox 1347 1597 1417 1669; x_wconf 89' lang='lat' dir='ltr'>ullo</span> <span class='ocrx_word' id='word_1_85' title='bbox 1444 1618 1497 1667; x_wconf 86' lang='lat' dir='ltr'>m·</span> 
     </span>
     <span class='ocr_line' id='line_1_11' title="bbox 295 1689 1504 1790; baseline -0.012 -15"><span class='ocrx_word' id='word_1_86' title='bbox 295 1700 345 1775; x_wconf 88' lang='lat' dir='ltr'>do</span> <span class='ocrx_word' id='word_1_87' title='bbox 369 1695 582 1771; x_wconf 89' lang='lat' dir='ltr'>admiserunt</span> <span class='ocrx_word' id='word_1_88' title='bbox 613 1693 870 1768; x_wconf 74' lang='lat' dir='ltr'>autoritatem:</span> <span class='ocrx_word' id='word_1_89' title='bbox 918 1711 958 1767; x_wconf 88' lang='lat' dir='ltr'>ut</span> <span class='ocrx_word' id='word_1_90' title='bbox 998 1714 1043 1766; x_wconf 84' lang='lat' dir='ltr'>ex</span> <span class='ocrx_word' id='word_1_91' title='bbox 1083 1691 1326 1790; x_wconf 86' lang='lat' dir='ltr'>superioribus</span> <span class='ocrx_word' id='word_1_92' title='bbox 1368 1689 1504 1766; x_wconf 89' lang='lat' dir='ltr'>consta·</span> 
     </span>
     <span class='ocr_line' id='line_1_12' title="bbox 297 1783 1502 1885; baseline -0.006 -20"><span class='ocrx_word' id='word_1_93' title='bbox 297 1791 430 1873; x_wconf 73' lang='lat' dir='ltr'>Mansit</span> <span class='ocrx_word' id='word_1_94' title='bbox 476 1812 592 1885; x_wconf 89' lang='lat' dir='ltr'>uoque</span> <span class='ocrx_word' id='word_1_95' title='bbox 616 1786 786 1885; x_wconf 77' lang='lat' dir='ltr'>Maiestas</span> <span class='ocrx_word' id='word_1_96' title='bbox 807 1785 1036 1884; x_wconf 80' lang='lat' dir='ltr'>Imperatoria</span> <span class='ocrx_word' id='word_1_97' title='bbox 1066 1787 1104 1864; x_wconf 92' lang='lat' dir='ltr'>in</span> <span class='ocrx_word' id='word_1_98' title='bbox 1138 1790 1242 1862; x_wconf 83' lang='lat' dir='ltr'>rebus</span> <span class='ocrx_word' id='word_1_99' title='bbox 1271 1783 1502 1862; x_wconf 67' lang='lat' dir='ltr'>recensu·</span> 
     </span>
     <span class='ocr_line' id='line_1_13' title="bbox 295 1816 1503 1993; baseline -0.011 -26"><span class='ocrx_word' id='word_1_100' title='bbox 295 1892 383 1967; x_wconf 85' lang='lat' dir='ltr'>sarta</span> <span class='ocrx_word' id='word_1_101' title='bbox 411 1816 523 1959; x_wconf 52' lang='lat' dir='ltr'>tesia:</span> <span class='ocrx_word' id='word_1_102' title='bbox 556 1884 718 1993; x_wconf 83' lang='lat' dir='ltr'>Synodos</span> <span class='ocrx_word' id='word_1_103' title='bbox 750 1886 842 1959; x_wconf 87' lang='lat' dir='ltr'>enim</span> <span class='ocrx_word' id='word_1_104' title='bbox 867 1904 1109 1960; x_wconf 84' lang='lat' dir='ltr'>convocarunt</span> <span class='ocrx_word' id='word_1_105' title='bbox 1132 1885 1379 1979; x_wconf 73' lang='lat' dir='ltr'>superatores,</span> <span class='ocrx_word' id='word_1_106' title='bbox 1403 1885 1503 1955; x_wconf 59' lang='lat' dir='ltr'>edilv</span> 
     </span>
     <span class='ocr_line' id='line_1_14' title="bbox 296 1977 1503 2078; baseline -0.008 -19"><span class='ocrx_word' id='word_1_107' title='bbox 296 1984 342 2060; x_wconf 90' lang='lat' dir='ltr'>de</span> <span class='ocrx_word' id='word_1_108' title='bbox 366 1981 436 2055; x_wconf 87' lang='lat' dir='ltr'>lide</span> <span class='ocrx_word' id='word_1_109' title='bbox 459 2000 495 2054; x_wconf 91' lang='lat' dir='ltr'>et</span> <span class='ocrx_word' id='word_1_110' title='bbox 519 1981 695 2076; x_wconf 74' lang='lat' dir='ltr'>religione</span> <span class='ocrx_word' id='word_1_111' title='bbox 726 1979 930 2070; x_wconf 90' lang='lat' dir='ltr'>ediderunt,</span> <span class='ocrx_word' id='word_1_112' title='bbox 968 1978 1045 2054; x_wconf 76' lang='lat' dir='ltr'>aera</span> <span class='ocrx_word' id='word_1_113' title='bbox 1076 1980 1298 2078; x_wconf 82' lang='lat' dir='ltr'>synodorum</span> <span class='ocrx_word' id='word_1_114' title='bbox 1331 1977 1503 2053; x_wconf 87' lang='lat' dir='ltr'>coulirma</span> 
     </span>
     <span class='ocr_line' id='line_1_15' title="bbox 296 2074 1499 2172; baseline -0.007 -17"><span class='ocrx_word' id='word_1_115' title='bbox 296 2097 404 2168; x_wconf 87' lang='lat' dir='ltr'>runt,</span> <span class='ocrx_word' id='word_1_116' title='bbox 430 2099 498 2151; x_wconf 91' lang='lat' dir='ltr'>nec</span> <span class='ocrx_word' id='word_1_117' title='bbox 525 2075 596 2151; x_wconf 87' lang='lat' dir='ltr'>stne</span> <span class='ocrx_word' id='word_1_118' title='bbox 618 2099 741 2149; x_wconf 88' lang='lat' dir='ltr'>eorum</span> <span class='ocrx_word' id='word_1_119' title='bbox 763 2074 932 2152; x_wconf 86' lang='lat' dir='ltr'>consensu</span> <span class='ocrx_word' id='word_1_120' title='bbox 955 2075 1147 2172; x_wconf 81' lang='lat' dir='ltr'>Episcopi,</span> <span class='ocrx_word' id='word_1_121' title='bbox 1171 2075 1339 2149; x_wconf 87' lang='lat' dir='ltr'>Romano</span> <span class='ocrx_word' id='word_1_122' title='bbox 1366 2098 1440 2149; x_wconf 90' lang='lat' dir='ltr'>uon</span> <span class='ocrx_word' id='word_1_123' title='bbox 1455 2097 1499 2146; x_wconf 85' lang='lat' dir='ltr'>ex</span> 
     </span>
     <span class='ocr_line' id='line_1_16' title="bbox 297 2168 1502 2271; baseline -0.009 -21"><span class='ocrx_word' id='word_1_124' title='bbox 297 2194 427 2271; x_wconf 88' lang='lat' dir='ltr'>cepto,</span> <span class='ocrx_word' id='word_1_125' title='bbox 468 2171 621 2247; x_wconf 87' lang='lat' dir='ltr'>ordinati</span> <span class='ocrx_word' id='word_1_126' title='bbox 646 2189 831 2266; x_wconf 88' lang='lat' dir='ltr'>poterant,</span> <span class='ocrx_word' id='word_1_127' title='bbox 859 2191 898 2246; x_wconf 94' lang='lat' dir='ltr'>ut</span> <span class='ocrx_word' id='word_1_128' title='bbox 927 2193 973 2245; x_wconf 86' lang='lat' dir='ltr'>err</span> <span class='ocrx_word' id='word_1_129' title='bbox 1001 2168 1105 2245; x_wconf 66' lang='lat' dir='ltr'>distis</span> <span class='ocrx_word' id='word_1_130' title='bbox 1135 2190 1174 2244; x_wconf 90' lang='lat' dir='ltr'>et</span> <span class='ocrx_word' id='word_1_131' title='bbox 1202 2169 1367 2245; x_wconf 84' lang='lat' dir='ltr'>dicendis</span> <span class='ocrx_word' id='word_1_132' title='bbox 1431 2188 1502 2242; x_wconf 89' lang='lat' dir='ltr'>atet</span> 
     </span>
     <span class='ocr_line' id='line_1_17' title="bbox 301 2264 1500 2369; baseline -0.007 -25"><span class='ocrx_word' id='word_1_133' title='bbox 301 2266 515 2369; x_wconf 86' lang='lat' dir='ltr'>Justinianus</span> <span class='ocrx_word' id='word_1_134' title='bbox 537 2267 574 2342; x_wconf 90' lang='lat' dir='ltr'>in</span> <span class='ocrx_word' id='word_1_135' title='bbox 594 2265 716 2363; x_wconf 85' lang='lat' dir='ltr'>primis</span> <span class='ocrx_word' id='word_1_136' title='bbox 737 2267 829 2340; x_wconf 85' lang='lat' dir='ltr'>hanc</span> <span class='ocrx_word' id='word_1_137' title='bbox 852 2264 1058 2361; x_wconf 88' lang='lat' dir='ltr'>potestatem</span> <span class='ocrx_word' id='word_1_138' title='bbox 1084 2265 1265 2355; x_wconf 89' lang='lat' dir='ltr'>exercuit,</span> <span class='ocrx_word' id='word_1_139' title='bbox 1291 2266 1361 2362; x_wconf 26' lang='lat' dir='ltr'>*qui</span> <span class='ocrx_word' id='word_1_140' title='bbox 1428 2267 1500 2339; x_wconf 91' lang='lat' dir='ltr'>ccle</span> 
     </span>
     <span class='ocr_line' id='line_1_18' title="bbox 298 2359 1498 2458; baseline -0.008 -15"><span class='ocrx_word' id='word_1_141' title='bbox 298 2365 453 2443; x_wconf 84' lang='lat' dir='ltr'>srasticos</span> <span class='ocrx_word' id='word_1_142' title='bbox 476 2387 627 2437; x_wconf 86' lang='lat' dir='ltr'>canones</span> <span class='ocrx_word' id='word_1_143' title='bbox 646 2361 703 2434; x_wconf 90' lang='lat' dir='ltr'>sua</span> <span class='ocrx_word' id='word_1_144' title='bbox 718 2362 905 2436; x_wconf 86' lang='lat' dir='ltr'>autoritate</span> <span class='ocrx_word' id='word_1_145' title='bbox 931 2359 1119 2451; x_wconf 85' lang='lat' dir='ltr'>stabilivit,</span> <span class='ocrx_word' id='word_1_146' title='bbox 1149 2362 1258 2435; x_wconf 86' lang='lat' dir='ltr'>etiam</span> <span class='ocrx_word' id='word_1_147' title='bbox 1273 2362 1402 2458; x_wconf 86' lang='lat' dir='ltr'>poenis</span> <span class='ocrx_word' id='word_1_148' title='bbox 1437 2359 1498 2433; x_wconf 86' lang='lat' dir='ltr'>vin</span> 
     </span>
     <span class='ocr_line' id='line_1_19' title="bbox 298 2456 1504 2556; baseline -0.01 -18"><span class='ocrx_word' id='word_1_149' title='bbox 298 2462 443 2538; x_wconf 86' lang='lat' dir='ltr'>dicavit.</span> <span class='ocrx_word' id='word_1_150' title='bbox 491 2459 641 2556; x_wconf 80' lang='lat' dir='ltr'>Quando</span> <span class='ocrx_word' id='word_1_151' title='bbox 672 2459 781 2532; x_wconf 88' lang='lat' dir='ltr'>etiam</span> <span class='ocrx_word' id='word_1_152' title='bbox 806 2459 875 2532; x_wconf 90' lang='lat' dir='ltr'>orti</span> <span class='ocrx_word' id='word_1_153' title='bbox 899 2456 978 2531; x_wconf 90' lang='lat' dir='ltr'>sunt</span> <span class='ocrx_word' id='word_1_154' title='bbox 1002 2481 1264 2545; x_wconf 82' lang='lat' dir='ltr'>nomo-conones,</span> <span class='ocrx_word' id='word_1_155' title='bbox 1304 2481 1326 2530; x_wconf 91' lang='lat' dir='ltr'>a</span> <span class='ocrx_word' id='word_1_156' title='bbox 1359 2457 1504 2553; x_wconf 85' lang='lat' dir='ltr'>Johann</span> 
     </span>
     <span class='ocr_line' id='line_1_20' title="bbox 300 2550 1504 2648; baseline -0.009 -15"><span class='ocrx_word' id='word_1_157' title='bbox 300 2553 526 2640; x_wconf 85' lang='lat' dir='ltr'>scholastico,</span> <span class='ocrx_word' id='word_1_158' title='bbox 551 2552 732 2646; x_wconf 86' lang='lat' dir='ltr'>Eutychio</span> <span class='ocrx_word' id='word_1_159' title='bbox 758 2553 797 2624; x_wconf 93' lang='lat' dir='ltr'>in</span> <span class='ocrx_word' id='word_1_160' title='bbox 815 2552 959 2625; x_wconf 85' lang='lat' dir='ltr'>exilium</span> <span class='ocrx_word' id='word_1_161' title='bbox 978 2554 1095 2646; x_wconf 90' lang='lat' dir='ltr'>pulso,</span> <span class='ocrx_word' id='word_1_162' title='bbox 1119 2550 1356 2648; x_wconf 86' lang='lat' dir='ltr'>aJustiniano</span> <span class='ocrx_word' id='word_1_163' title='bbox 1373 2550 1504 2626; x_wconf 64' lang='lat' dir='ltr'>sufferi</span> 
     </span>
     <span class='ocr_line' id='line_1_21' title="bbox 298 2645 1504 2742; baseline -0.009 -16"><span class='ocrx_word' id='word_1_164' title='bbox 298 2652 337 2729; x_wconf 88' lang='lat' dir='ltr'>in</span> <span class='ocrx_word' id='word_1_165' title='bbox 354 2650 431 2722; x_wconf 89' lang='lat' dir='ltr'>sede</span> <span class='ocrx_word' id='word_1_166' title='bbox 448 2649 573 2732; x_wconf 89' lang='lat' dir='ltr'>CPol.‚</span> <span class='ocrx_word' id='word_1_167' title='bbox 600 2645 753 2742; x_wconf 88' lang='lat' dir='ltr'>primurn</span> <span class='ocrx_word' id='word_1_168' title='bbox 780 2645 929 2722; x_wconf 72' lang='lat' dir='ltr'>colleiii.</span> <span class='ocrx_word' id='word_1_169' title='bbox 971 2649 1039 2720; x_wconf 84' lang='lat' dir='ltr'>Sed</span> <span class='ocrx_word' id='word_1_170' title='bbox 1063 2649 1205 2722; x_wconf 91' lang='lat' dir='ltr'>modum</span> <span class='ocrx_word' id='word_1_171' title='bbox 1232 2651 1300 2740; x_wconf 82' lang='lat' dir='ltr'>hac</span> <span class='ocrx_word' id='word_1_172' title='bbox 1326 2669 1424 2742; x_wconf 87' lang='lat' dir='ltr'>parre</span> <span class='ocrx_word' id='word_1_173' title='bbox 1446 2670 1504 2719; x_wconf 74' lang='lat' dir='ltr'>no·</span> 
     </span>
     <span class='ocr_line' id='line_1_22' title="bbox 292 2740 1504 2933; baseline -0.009 -12"><span class='ocrx_word' id='word_1_174' title='bbox 292 2740 661 2922; x_wconf 65' lang='lat' dir='ltr'>&#39;idlltllstlllll</span> <span class='ocrx_word' id='word_1_175' title='bbox 669 2741 1504 2933; x_wconf 55' lang='lat' dir='ltr'>‘dlllllirllezlffldlllllffdlltlls</span> 
     </span>
     <span class='ocr_line' id='line_1_23' title="bbox 194 2932 1502 3040; baseline -0.004 -27"><span class='ocrx_word' id='word_1_176' title='bbox 194 2991 199 3001; x_wconf 38' lang='grc' dir='ltr'>ι</span> <span class='ocrx_word' id='word_1_177' title='bbox 301 2934 523 3040; x_wconf 85' lang='lat' dir='ltr'>quaestiones</span> <span class='ocrx_word' id='word_1_178' title='bbox 542 2932 781 3030; x_wconf 82' lang='lat' dir='ltr'>Theologicas</span> <span class='ocrx_word' id='word_1_179' title='bbox 804 2934 967 3032; x_wconf 82' lang='lat' dir='ltr'>inperiali</span> <span class='ocrx_word' id='word_1_180' title='bbox 989 2934 1098 3024; x_wconf 85' lang='lat' dir='ltr'>fastu,</span> <span class='ocrx_word' id='word_1_181' title='bbox 1128 2959 1169 3009; x_wconf 92' lang='lat' dir='ltr'>ac</span> <span class='ocrx_word' id='word_1_182' title='bbox 1194 2935 1232 3010; x_wconf 83' lang='lat' dir='ltr'>vi</span> <span class='ocrx_word' id='word_1_183' title='bbox 1260 2935 1376 3031; x_wconf 86' lang='lat' dir='ltr'>aliqua</span> <span class='ocrx_word' id='word_1_184' title='bbox 1402 2958 1502 3033; x_wconf 82' lang='lat' dir='ltr'>tyran</span> 
     </span>
     <span class='ocr_line' id='line_1_24' title="bbox 302 3029 1504 3128; baseline -0.001 -20"><span class='ocrx_word' id='word_1_185' title='bbox 302 3038 411 3124; x_wconf 86' lang='lat' dir='ltr'>nica,</span> <span class='ocrx_word' id='word_1_186' title='bbox 435 3031 600 3103; x_wconf 88' lang='lat' dir='ltr'>decidere</span> <span class='ocrx_word' id='word_1_187' title='bbox 616 3030 726 3105; x_wconf 84' lang='lat' dir='ltr'>suerit</span> <span class='ocrx_word' id='word_1_188' title='bbox 744 3029 846 3126; x_wconf 82' lang='lat' dir='ltr'>saepe</span> <span class='ocrx_word' id='word_1_189' title='bbox 863 3032 994 3109; x_wconf 84' lang='lat' dir='ltr'>solitus.</span> <span class='ocrx_word' id='word_1_190' title='bbox 1044 3032 1210 3128; x_wconf 84' lang='lat' dir='ltr'>Agapeto</span> <span class='ocrx_word' id='word_1_191' title='bbox 1226 3034 1362 3126; x_wconf 82' lang='lat' dir='ltr'>Papae,</span> <span class='ocrx_word' id='word_1_192' title='bbox 1388 3056 1443 3106; x_wconf 80' lang='lat' dir='ltr'>ert.</span> <span class='ocrx_word' id='word_1_193' title='bbox 1469 3055 1504 3126; x_wconf 65' lang='lat' dir='ltr'>g&lt;</span> 
     </span>
     <span class='ocr_line' id='line_1_25' title="bbox 301 3125 1503 3225; baseline -0.005 -20"><span class='ocrx_word' id='word_1_194' title='bbox 301 3134 386 3205; x_wconf 85' lang='lat' dir='ltr'>duas</span> <span class='ocrx_word' id='word_1_195' title='bbox 412 3129 449 3200; x_wconf 88' lang='lat' dir='ltr'>iu</span> <span class='ocrx_word' id='word_1_196' title='bbox 473 3125 613 3202; x_wconf 87' lang='lat' dir='ltr'>Christo</span> <span class='ocrx_word' id='word_1_197' title='bbox 637 3147 772 3202; x_wconf 83' lang='lat' dir='ltr'>naturas</span> <span class='ocrx_word' id='word_1_198' title='bbox 789 3147 912 3203; x_wconf 88' lang='lat' dir='ltr'>contra</span> <span class='ocrx_word' id='word_1_199' title='bbox 928 3125 1199 3225; x_wconf 86' lang='lat' dir='ltr'>Monophysuas</span> <span class='ocrx_word' id='word_1_200' title='bbox 1214 3128 1407 3218; x_wconf 82' lang='lat' dir='ltr'>adserenti,</span> <span class='ocrx_word' id='word_1_201' title='bbox 1433 3127 1503 3200; x_wconf 82' lang='lat' dir='ltr'>dixi</span> 
     </span>
     <span class='ocr_line' id='line_1_26' title="bbox 300 3220 1494 3397; baseline 0.001 -101"><span class='ocrx_word' id='word_1_202' title='bbox 300 3223 532 3397; x_wconf 48' lang='lat' dir='ltr'>Juffinianus,</span> <span class='ocrx_word' id='word_1_203' title='bbox 562 3243 647 3298; x_wconf 87' lang='lat' dir='ltr'>tunc</span> <span class='ocrx_word' id='word_1_204' title='bbox 672 3225 716 3297; x_wconf 90' lang='lat' dir='ltr'>iis</span> <span class='ocrx_word' id='word_1_205' title='bbox 738 3223 949 3314; x_wconf 85' lang='lat' dir='ltr'>adhaerens,</span> <span class='ocrx_word' id='word_1_206' title='bbox 974 3245 1033 3298; x_wconf 85' lang='lat' dir='ltr'>aut</span> <span class='ocrx_word' id='word_1_207' title='bbox 1056 3220 1200 3321; x_wconf 79' lang='lat' dir='ltr'>consenti</span> <span class='ocrx_word' id='word_1_208' title='bbox 1228 3228 1338 3314; x_wconf 81' lang='lat' dir='ltr'>uobis,</span> <span class='ocrx_word' id='word_1_209' title='bbox 1365 3241 1424 3296; x_wconf 84' lang='lat' dir='ltr'>aur</span> <span class='ocrx_word' id='word_1_210' title='bbox 1452 3248 1494 3297; x_wconf 81' lang='lat' dir='ltr'>ex</span> 
     </span>
     <span class='ocr_line' id='line_1_27' title="bbox 318 3315 1503 3417; baseline -0.001 -22"><span class='ocrx_word' id='word_1_211' title='bbox 318 3328 347 3395; x_wconf 83' lang='lat' dir='ltr'>iu</span> <span class='ocrx_word' id='word_1_212' title='bbox 369 3335 400 3390; x_wconf 83' lang='lat' dir='ltr'>tr</span> <span class='ocrx_word' id='word_1_213' title='bbox 423 3319 585 3408; x_wconf 80' lang='lat' dir='ltr'>deportari</span> <span class='ocrx_word' id='word_1_214' title='bbox 603 3315 761 3414; x_wconf 85' lang='lat' dir='ltr'>faciam,</span> <span class='ocrx_word' id='word_1_215' title='bbox 788 3317 876 3394; x_wconf 84' lang='lat' dir='ltr'>teste</span> <span class='ocrx_word' id='word_1_216' title='bbox 900 3318 1079 3394; x_wconf 76' lang='lat' dir='ltr'>Anastasio</span> <span class='ocrx_word' id='word_1_217' title='bbox 1106 3324 1143 3394; x_wconf 92' lang='lat' dir='ltr'>in</span> <span class='ocrx_word' id='word_1_218' title='bbox 1167 3324 1342 3417; x_wconf 84' lang='lat' dir='ltr'>Agapeto.</span> <span class='ocrx_word' id='word_1_219' title='bbox 1378 3320 1503 3417; x_wconf 82' lang='lat' dir='ltr'>Epist·</span> 
     </span>
     <span class='ocr_line' id='line_1_28' title="bbox 331 3415 1486 3512; baseline -0.002 -22"><span class='ocrx_word' id='word_1_220' title='bbox 331 3441 370 3492; x_wconf 87' lang='lat' dir='ltr'>os</span> <span class='ocrx_word' id='word_1_221' title='bbox 387 3434 521 3512; x_wconf 89' lang='lat' dir='ltr'>quoque</span> <span class='ocrx_word' id='word_1_222' title='bbox 539 3437 559 3486; x_wconf 85' lang='lat' dir='ltr'>a</span> <span class='ocrx_word' id='word_1_223' title='bbox 578 3416 611 3487; x_wconf 92' lang='lat' dir='ltr'>se</span> <span class='ocrx_word' id='word_1_224' title='bbox 628 3417 666 3489; x_wconf 91' lang='lat' dir='ltr'>in</span> <span class='ocrx_word' id='word_1_225' title='bbox 685 3417 788 3489; x_wconf 85' lang='lat' dir='ltr'>rebus</span> <span class='ocrx_word' id='word_1_226' title='bbox 812 3415 941 3489; x_wconf 87' lang='lat' dir='ltr'>divinis</span> <span class='ocrx_word' id='word_1_227' title='bbox 958 3416 1199 3490; x_wconf 78' lang='lat' dir='ltr'>dissentientes</span> <span class='ocrx_word' id='word_1_228' title='bbox 1226 3418 1263 3490; x_wconf 90' lang='lat' dir='ltr'>in</span> <span class='ocrx_word' id='word_1_229' title='bbox 1280 3415 1423 3490; x_wconf 87' lang='lat' dir='ltr'>vincula</span> <span class='ocrx_word' id='word_1_230' title='bbox 1452 3437 1486 3488; x_wconf 92' lang='lat' dir='ltr'>tr</span> 
     </span>
     <span class='ocr_line' id='line_1_29' title="bbox 301 3443 1504 3607; baseline -0.005 -17"><span class='ocrx_word' id='word_1_231' title='bbox 301 3443 369 3598; x_wconf 57' lang='lat' dir='ltr'>Et,</span> <span class='ocrx_word' id='word_1_232' title='bbox 393 3509 451 3583; x_wconf 88' lang='lat' dir='ltr'>vel</span> <span class='ocrx_word' id='word_1_233' title='bbox 478 3504 583 3582; x_wconf 88' lang='lat' dir='ltr'>etiam</span> <span class='ocrx_word' id='word_1_234' title='bbox 613 3510 806 3598; x_wconf 87' lang='lat' dir='ltr'>cruciavit,</span> <span class='ocrx_word' id='word_1_235' title='bbox 837 3512 922 3606; x_wconf 89' lang='lat' dir='ltr'>quin</span> <span class='ocrx_word' id='word_1_236' title='bbox 945 3534 1062 3606; x_wconf 88' lang='lat' dir='ltr'>poena</span> <span class='ocrx_word' id='word_1_237' title='bbox 1088 3513 1225 3607; x_wconf 87' lang='lat' dir='ltr'>capitali</span> <span class='ocrx_word' id='word_1_238' title='bbox 1250 3510 1398 3596; x_wconf 88' lang='lat' dir='ltr'>adfecit,</span> <span class='ocrx_word' id='word_1_239' title='bbox 1436 3514 1504 3586; x_wconf 89' lang='lat' dir='ltr'>Vi</span> 
     </span>
     <span class='ocr_line' id='line_1_30' title="bbox 303 3604 1504 3712; baseline -0.007 -27"><span class='ocrx_word' id='word_1_240' title='bbox 303 3605 439 3686; x_wconf 68' lang='lat' dir='ltr'>Vicior</span> <span class='ocrx_word' id='word_1_241' title='bbox 457 3604 675 3712; x_wconf 76' lang='lat' dir='ltr'>Tununensrs</span> <span class='ocrx_word' id='word_1_242' title='bbox 697 3606 736 3680; x_wconf 89' lang='lat' dir='ltr'>in</span> <span class='ocrx_word' id='word_1_243' title='bbox 762 3606 913 3695; x_wconf 85' lang='lat' dir='ltr'>Chrom,</span> <span class='ocrx_word' id='word_1_244' title='bbox 939 3626 975 3682; x_wconf 89' lang='lat' dir='ltr'>et</span> <span class='ocrx_word' id='word_1_245' title='bbox 1000 3606 1183 3684; x_wconf 88' lang='lat' dir='ltr'>Liberatus</span> <span class='ocrx_word' id='word_1_246' title='bbox 1209 3610 1247 3682; x_wconf 94' lang='lat' dir='ltr'>in</span> <span class='ocrx_word' id='word_1_247' title='bbox 1272 3607 1453 3682; x_wconf 88' lang='lat' dir='ltr'>Breviario</span> <span class='ocrx_word' id='word_1_248' title='bbox 1492 3640 1504 3666; x_wconf 83' lang='lat'><strong>·</strong></span> 
     </span>
     <span class='ocr_line' id='line_1_31' title="bbox 308 3700 1499 3802; baseline 0.001 -28"><span class='ocrx_word' id='word_1_249' title='bbox 308 3728 366 3802; x_wconf 73' lang='lat'>34.</span> <span class='ocrx_word' id='word_1_250' title='bbox 416 3703 494 3798; x_wconf 85' lang='lat' dir='ltr'>Qua</span> <span class='ocrx_word' id='word_1_251' title='bbox 516 3720 678 3782; x_wconf 80' lang='lat' dir='ltr'>ratione,</span> <span class='ocrx_word' id='word_1_252' title='bbox 720 3719 760 3783; x_wconf 84' lang='lat' dir='ltr'>nt</span> <span class='ocrx_word' id='word_1_253' title='bbox 785 3700 822 3775; x_wconf 91' lang='lat' dir='ltr'>id</span> <span class='ocrx_word' id='word_1_254' title='bbox 846 3702 964 3777; x_wconf 88' lang='lat' dir='ltr'>obiter</span> <span class='ocrx_word' id='word_1_255' title='bbox 987 3702 1128 3794; x_wconf 86' lang='lat' dir='ltr'>addam,</span> <span class='ocrx_word' id='word_1_256' title='bbox 1168 3703 1331 3783; x_wconf 88' lang='lat' dir='ltr'>saevierit</span> <span class='ocrx_word' id='word_1_257' title='bbox 1357 3706 1392 3776; x_wconf 91' lang='lat' dir='ltr'>in</span> <span class='ocrx_word' id='word_1_258' title='bbox 1416 3702 1499 3775; x_wconf 86' lang='lat' dir='ltr'>Ari</span> 
     </span>
     <span class='ocr_line' id='line_1_32' title="bbox 306 3789 1489 3899; baseline -0.004 -22"><span class='ocrx_word' id='word_1_259' title='bbox 306 3823 393 3886; x_wconf 85' lang='lat' dir='ltr'>nor,</span> <span class='ocrx_word' id='word_1_260' title='bbox 418 3798 569 3894; x_wconf 89' lang='lat' dir='ltr'>aliosque</span> <span class='ocrx_word' id='word_1_261' title='bbox 592 3789 769 3887; x_wconf 63' lang='lat' dir='ltr'>sestarios,</span> <span class='ocrx_word' id='word_1_262' title='bbox 796 3797 902 3872; x_wconf 85' lang='lat' dir='ltr'>etiam</span> <span class='ocrx_word' id='word_1_263' title='bbox 918 3798 1151 3874; x_wconf 85' lang='lat' dir='ltr'>Samaritanus</span> <span class='ocrx_word' id='word_1_264' title='bbox 1165 3821 1203 3874; x_wconf 89' lang='lat' dir='ltr'>et</span> <span class='ocrx_word' id='word_1_265' title='bbox 1220 3801 1384 3899; x_wconf 79' lang='lat' dir='ltr'>gentiles,</span> <span class='ocrx_word' id='word_1_266' title='bbox 1403 3800 1489 3896; x_wconf 86' lang='lat' dir='ltr'>legu</span> 
     </span>
     <span class='ocr_line' id='line_1_33' title="bbox 256 3892 1504 4067; baseline 0 -98"><span class='ocrx_word' id='word_1_267' title='bbox 256 3908 258 3912; x_wconf 83' lang='lat'>&#39;</span> <span class='ocrx_word' id='word_1_268' title='bbox 306 3893 603 4064; x_wconf 48' lang='lat' dir='ltr'>etuarffirurgrgi</span> <span class='ocrx_word' id='word_1_269' title='bbox 635 3892 676 3967; x_wconf 92' lang='lat' dir='ltr'>ad</span> <span class='ocrx_word' id='word_1_270' title='bbox 705 3894 1003 4063; x_wconf 49' lang='lat' dir='ltr'>Cpristianismum</span> <span class='ocrx_word' id='word_1_271' title='bbox 1035 3897 1213 4066; x_wconf 46' lang='lat' dir='ltr'>coegsepiit,</span> <span class='ocrx_word' id='word_1_272' title='bbox 1255 3897 1365 4067; x_wconf 54' lang='lat' dir='ltr'>relsgrt</span> <span class='ocrx_word' id='word_1_273' title='bbox 1396 3897 1504 4064; x_wconf 46' lang='lat' dir='ltr'>{roc</span> 
     </span>
     <span class='ocr_line' id='line_1_34' title="bbox 332 4016 793 4067; baseline -0.004 -25"><span class='ocrx_word' id='word_1_274' title='bbox 332 4016 343 4064; x_wconf 76' lang='lat'>¹</span> <span class='ocrx_word' id='word_1_275' title='bbox 475 4043 483 4063; x_wconf 45' lang='grc' dir='ltr'><strong><em>ο</em></strong></span> <span class='ocrx_word' id='word_1_276' title='bbox 628 4050 636 4067; x_wconf 52' lang='lat'>⁸</span> <span class='ocrx_word' id='word_1_277' title='bbox 687 4046 695 4064; x_wconf 66' lang='lat'><strong>·</strong></span> <span class='ocrx_word' id='word_1_278' title='bbox 780 4033 793 4062; x_wconf 56' lang='lat'>.-</span> 
     </span>
     <span class='ocr_line' id='line_1_35' title="bbox 302 4012 1500 4261; baseline -0.006 -92"><span class='ocrx_word' id='word_1_279' title='bbox 302 4015 399 4190; x_wconf 64' lang='lat' dir='ltr'>ipsis</span> <span class='ocrx_word' id='word_1_280' title='bbox 422 4014 627 4176; x_wconf 63' lang='lat' dir='ltr'>Catholiciii</span> <span class='ocrx_word' id='word_1_281' title='bbox 650 4013 1081 4200; x_wconf 46' lang='lat' dir='ltr'>imptipgiinviiiiffu’</span> <span class='ocrx_word' id='word_1_282' title='bbox 1090 4012 1243 4189; x_wconf 56' lang='lat' dir='ltr'>preoptii</span> <span class='ocrx_word' id='word_1_283' title='bbox 1261 4016 1500 4261; x_wconf 47' lang='lat' dir='ltr'>triaei&#39;ghpffi</span> 
     </span>
     <span class='ocr_line' id='line_1_36' title="bbox 300 4210 1497 4285; baseline -0.004 -6"><span class='ocrx_word' id='word_1_284' title='bbox 300 4226 345 4279; x_wconf 78' lang='lat' dir='ltr'>l:-</span> <span class='ocrx_word' id='word_1_285' title='bbox 398 4260 421 4285; x_wconf 81' lang='grc'>..</span> <span class='ocrx_word' id='word_1_286' title='bbox 710 4233 712 4236; x_wconf 91' lang='grc'><strong><em>·</em></strong></span> <span class='ocrx_word' id='word_1_287' title='bbox 1290 4240 1297 4255; x_wconf 86' lang='lat'><strong>·</strong></span> <span class='ocrx_word' id='word_1_288' title='bbox 1462 4210 1497 4285; x_wconf 74' lang='lat' dir='ltr'>q·</span> 
     </span>
    </p>
   </div>
   <div class='ocr_carea' id='block_1_3' title="bbox 0 356 1536 4820">
    <p class='ocr_par' dir='ltr' id='par_1_3' title="bbox 0 356 1536 4820">
     <span class='ocr_line' id='line_1_37' title="bbox 0 356 1536 4820; baseline 0 0"><span class='ocrx_word' id='word_1_289' title='bbox 0 356 1536 4820; x_wconf 95' lang='lat' dir='ltr'> </span> 
     </span>
    </p>
   </div>
  </div>
 </body>
</html>
