3008 4830
254 686 303 767 42
360 696 363 701 ·
640 660 938 767 &studebitis
963 663 1079 768 tnrtjt.

259 871 397 950 quoque
431 840 678 936 recensentur,
719 865 759 920 et
783 847 906 920 eodem
940 847 1017 921 sere
1042 842 1285 948 dissimilique,
1319 866 1475 949 exceptu

259 943 483 1042 Apocalypfi.
529 940 650 1017 Exstat
676 967 814 1040 quoque
838 965 950 1016 canon
975 945 1024 1018 V.
1052 945 1098 1020 T.
1124 943 1215 1038 apud
1231 942 1406 1041 Epiphau.
1431 966 1471 1022 et

258 1058 374 1118 contro,
395 1040 574 1129 haereses,
602 1059 639 1110 et
662 1039 698 1112 in
724 1036 815 1121 libro
842 1039 885 1112 de
906 1044 1097 1133 ponderibus
1121 1058 1152 1113 er
1172 1039 1353 1139 mensuris,
1384 1065 1470 1139 qua·

255 1140 324 1213 lem
351 1137 479 1212 habent
503 1133 682 1224 Hebraei,
709 1134 787 1224 ubi,
812 1137 904 1231 quod
931 1135 977 1206 sin
1008 1138 1099 1208 usare
1125 1134 1194 1224 est,
1220 1160 1286 1210 nec
1335 1161 1376 1210 er
1393 1158 1468 1211 orn·

242 1229 314 1307 oia
335 1246 477 1319 verum,
503 1229 626 1320 tradit,
653 1232 758 1304 libros
775 1232 965 1303 canonicos
981 1161 1081 1304 fuisse
1103 1232 1142 1305 in
1158 1251 1236 1304 arca
1252 1248 1296 1306 cu
1376 1232 1468 1324 isos,

256 1329 365 1405 libros
386 1327 586 1422 Sapientiae
615 1342 654 1398 et
676 1325 832 1421 Syraeid.
866 1325 936 1398 esse
959 1357 1089 1425 ςιχηςκς
1112 1331 1279 1417 nutritos,
1311 1329 1467 1426 denique

256 1425 459 1510 canonicis,
483 1444 528 1496 ex
552 1440 672 1494 mente
691 1424 957 1510 Hebraeorum,
981 1423 1143 1498 accenset
1176 1422 1337 1518 epistoios
1362 1424 1466 1518 Jm·

254 1524 341 1594 udae
364 1535 395 1593 er
420 1519 583 1609 bannui,
614 1514 730 1592 dubiis
755 1537 842 1591 vero
872 1516 1007 1592 Sirachi
1031 1537 1068 1592 et
1094 1518 1288 1597 Salomonis
1317 1520 1466 1618 Sapien-

253 1616 328 1691 tiae
351 1617 478 1705 libros,
503 1613 651 1711 reliquos
674 1611 900 1710 apocryphis.
953 1614 1040 1688 Vid.
1066 1613 1227 1688 adversus
1251 1615 1399 1693 Haeres.
1423 1640 1464 1717 p

255 1724 313 1804 14.
361 1710 438 1785 ise
467 1728 582 1783 tamen
606 1708 735 1783 haeres.
763 1717 818 1783 26.
851 1705 998 1805 Spiritui
1023 1711 1058 1784 S.
1085 1708 1209 1784 tribuit
1232 1709 1386 1803 dissum,
1416 1735 1465 1801 cx

253 1810 345 1884 hbto
393 1809 555 1900 apientiam
585 1803 779 1878 Solomonis
810 1804 968 1880 sumtum.
1020 1805 1292 1901 Amphilochius
1323 1829 1466 1905 quoque

250 1903 360 1978 iibros
382 1901 573 1974 canonicos
588 1900 746 1974 recenset
768 1901 916 1988 eodenm
942 1922 1011 1996 quo
1029 1902 1138 1998 Greg.
1163 1901 1359 1992 Noniani,
1383 1926 1462 1979 mo·

250 1997 320 2088 do,
344 2016 515 2094 excepto,
541 1997 684 2103 quodsi
712 1995 763 2069 ist.
787 1999 832 2068 od
847 1998 1011 2104 Hebraeos
1035 1997 1133 2071 dicat
1155 1996 1326 2093 plerisque
1352 1998 1463 2089 habu
1497 1998 1502 2007 '

250 2093 460 2181 nuntiam,
493 2109 532 2165 ut
562 2108 602 2163 et
626 2020 793 2187 epidioias
807 2091 1034 2182 Catholicae,
1067 2112 1204 2187 praeter
1233 2108 1331 2182 tres,
1356 2097 1460 2189 Apo?

245 2186 401 2287 caypha
425 2209 513 2262 vero
543 2184 676 2259 adserat
701 2186 804 2281 dungo
831 2186 983 2279 piurimis
1005 2189 1218 2263 ausoniorum
1238 2190 1318 2264 dici.
1365 2189 1463 2267 Tres

250 2302 391 2458 qludquhe
417 2301 559 2450 tantgup1
562 2279 756 2450 aepffiffiaes
765 2279 1154 2470 CatJoiSigactrecgptae
1171 2283 1314 2358 suerunt
1333 2281 1371 2358 in
1390 2286 1467 2362 Ec·

516 2401 537 2450 e
687 2400 709 2449 e
778 2401 815 2450 uo
922 2400 953 2448 rt
989 2433 998 2452 .

245 2404 301 2557 st?
316 2399 632 2553 laVildtdotdtonitu’m
648 2396 886 2547 Montysaicpon.
907 2397 1020 2569 Odon,
1036 2475 1155 2575 Chrys.
1181 2494 1206 2549 t.
1226 2476 1294 2549 VI.
1318 2499 1353 2570 p.
1374 2485 1465 2572 3081

243 2574 307 2648 ubi
332 2572 366 2645 A
395 2567 568 2666 ocalypsrn
592 2566 660 2658 ibi,
686 2586 724 2641 et
746 2570 789 2642 ab
812 2592 879 2657 eu,
904 2589 975 2642 non
1001 2568 1099 2644 suiffe
1123 2570 1321 2657 admissam,
1339 2574 1459 2646 obser·

243 2679 326 2744 vat.
418 2667 482 2739 ulia
512 2684 653 2763 quoque
685 2667 722 2738 in
756 2667 942 2739 &orientia
983 2662 1082 2740 istius
1112 2668 1258 2764 Syuops.
1296 2665 1352 2740 sut·
1370 2667 1458 2761 Jobi

239 2762 403 2852 mentio,
427 2759 491 2840 rofi
513 2782 580 2858 pro
607 2764 680 2852 rab,
695 2758 736 2835 sit
759 2762 827 2856 leg.
853 2759 930 2847 luit,
955 2760 1014 2834 sed
1036 2761 1117 2857 Jesu
1140 2761 1294 2851 sirachi,
1320 2785 1361 2838 ac
1386 2763 1457 2838 Ec·

241 2856 411 2947 elenau,
435 2854 596 2931 meminit
614 2857 699 2933 ibid.
717 2882 753 2952 p.
779 2863 861 2952 316.
913 2855 1114 2952 Sapientiae
1136 2857 1234 2931 siber·
1248 2857 1336 2931 fitne
1359 2859 1456 2934 Saso-

239 2959 374 3040 mont's,
401 2976 548 3057 necne,
568 2952 775 3027 dubitanter
788 2953 959 3048 soqbitur‚
985 2976 1020 3046 p.
1039 2973 1120 3053 375.
1168 2952 1351 3027 Adtribuit
1367 2978 1456 3067 quo:

234 3048 1109 3257 transitibus..{thuias-..fusi
1132 3049 1455 3243 hishis}

234 3246 467 3412 Joibldiseroe
485 3260 760 3337 pronunciantur
773 3243 1000 3338 apocryphae
1014 3263 1034 3312 a
1050 3239 1320 3339 Pseudo-Chrys.
1339 3242 1453 3337 Opes.

254 3395 263 3416 .
308 3366 312 3371 ’
348 3393 356 3409 ·
410 3393 417 3409 ·
494 3359 529 3407 0·
1436 3392 1440 3399 ·

233 3356 314 3533 ts.
339 3358 670 3517 xdvi3->Hiunus,
711 3444 751 3501 ut
782 3425 824 3500 ad
857 3428 1004 3503 Latinos
1036 3430 1199 3521 veniam,
1239 3434 1377 3528 Prologo
1399 3430 1449 3507 in

233 3531 353 3606 Psalm.
386 3553 421 3625 p.
454 3549 562 3618 429,
595 3522 770 3633 recensito
797 3545 932 3598 canone
958 3527 1148 3618 Hebraeo,
1179 3528 1222 3602 ad
1247 3528 1450 3624 exemplum

233 3625 420 3723 Origenis,
445 3622 562 3709 addit,
586 3643 607 3692 a
629 3617 830 3716 qmbusdam
850 3618 991 3719 adjungi
1022 3621 1154 3699 Tobiom
1177 3640 1209 3697 et
1235 3625 1375 3719 Juditst,
1392 3685 1394 3689 Α
1410 3643 1450 3699 et

232 3722 288 3801 ita
318 3745 362 3813 24
387 3720 456 3795 esse
482 3719 531 3793 V.
560 3715 606 3789 T.
631 3717 759 3806 libros,
793 3736 874 3790 cum
900 3720 980 3792 alias
1005 3738 1140 3795 tantum
1164 3720 1230 3795 fint
1257 3744 1326 3813 22,
1356 3721 1448 3798 citat

233 3822 372 3914 'uoque
398 3814 472 3913 ipse
496 3810 642 3889 subinde
672 3813 759 3888 alios
782 3812 890 3887 libros
922 3816 971 3891 V.
999 3816 1046 3888 T.
1073 3834 1233 3914 tanquam
1257 3817 1446 3929 genuinos

195 3968 199 3975 .
230 3844 435 3995 dmbmfius
461 3931 601 4010 quoque
627 3908 670 3984 ad
694 3908 745 3985 Ps.
772 3910 944 3987 CXVIII.
972 3912 1080 4009 Oper.
1107 3934 1134 3989 t.
1160 3914 1188 3987 1.
1222 3915 1308 3992 edrt.
1332 3917 1447 3989 Bene·

228 4012 335 4104 hieu,
360 4028 544 4114 quantor,
569 4006 729 4083 recenset
744 4026 881 4082 tantum
900 4010 1209 4104 Heptateuchum,
1234 4014 1444 4107 Regnorum

225 4112 355 4211 fibros,
379 4106 634 4213 Prophetarum
655 4103 809 4206 scripta,
842 4106 993 4202 Eorum
1022 4104 1194 4203 Furnos,
1233 4105 1449 4286 Ρῐονὲἱὶὲἰὲ

1099 2377 1294 2478 rysostomo
1308 2378 1460 2478 adscrip-
