3074 4838
1145 414 1154 429 N

396 471 404 485 Ο

144 673 218 762 ⁶5⁸
540 656 840 761 mstnaaccos.
867 643 984 762 cnsp.

151 843 284 931 libros,
324 859 414 936 quos
446 836 685 914 Prorestantes
719 812 893 938 adpellare
930 836 1045 915 solent
1074 809 1323 937 apocryphos,
1361 848 1385 910 a

154 934 331 1035 Gregorio
363 937 420 1009 M.
455 935 478 1009 1.
513 935 612 1010 XlX.
655 940 774 1019 moral.
808 934 845 1010 in
876 937 965 1034 Job.-
998 959 1030 1011 c.
1067 956 1124 1029 13.
1159 934 1282 1009 haberi
1319 955 1384 1030 pro

153 1061 217 1112 non
256 1033 420 1132 canonicis
457 1029 621 1128 quidem,
663 1050 819 1107 attamen
853 1036 897 1107 od
924 1032 1181 1129 aedificationem
1212 1029 1386 1123 Ecclestae

56 1146 62 1186 2
154 1135 264 1212 editis.
316 1128 431 1236 Quam
456 1124 595 1225 phrasrn
618 1127 661 1201 ad
686 1151 859 1203 canonem
883 1130 1089 1225 Judaicum,
1125 1149 1199 1202 non
1233 1126 1382 1202 Christi·

155 1249 284 1315 anum,
311 1223 488 1333 respicere
503 1224 732 1299 observarunt
750 1223 974 1334 Benedielmi
999 1225 1038 1300 in
1061 1221 1209 1333 praefat.
1233 1222 1383 1319 generali

156 1341 298 1512 olto.
313 1320 447 1526 llil
468 1338 588 1527 illel
612 1341 785 1528 ‘sterili
809 1320 1388 1586 ῗῷἷῗῗὲέἓῗιιὲἓῗιῗέἒῗωιῗῧ

156 1515 375 1631 [opientfnm
396 1530 449 1585 utr
474 1534 513 1586 tn
544 1514 665 1586 moral.
693 1513 810 1622 lrbrrs,
851 1534 888 1586 m
922 1535 1070 1624 curapa
1102 1513 1202 1601 oralr,
1244 1531 1284 1585 et
1311 1514 1390 1586 alus

158 1636 200 1690 ιιι
218 1612 326 1686 libris.
364 1608 515 1682 Alteram
538 1607 665 1698 habet,
691 1605 853 1705 epistolas
876 1609 1270 1700 Catholicas,÷.praerer
1289 1628 1386 1697 tres,

159 1706 298 1809 priores
323 1704 418 1779 Petri
442 1722 479 1777 et
504 1701 691 1800 Johannis,
715 1725 757 1777 ac
802 1705 927 1794 acobi,
953 1726 1018 1800 pro
1044 1703 1200 1779 indubiis
1224 1726 1298 1777 non
1324 1726 1343 1776 a
1369 1741 1385 1761 ·

158 1801 258 1881 nosci
298 1797 389 1897 apud
428 1800 554 1896 Syros,
590 1797 679 1873 telle
719 1704 844 1874 Codma
886 1799 1054 1897 Indicopl.
1068 1846 1073 1851 -
1087 1799 1137 1909 in·
1168 1727 1384 1907 topogrrpi,

160 1901 185 1976 1.
211 1897 296 1973 VII.
321 1919 356 1990 p.
382 1915 493 1986 292„
516 1892 577 1969 ubi
601 1897 711 1970 etiam
736 1895 885 1986 adserit,
908 1894 1056 1993 reliquas
1081 1892 1256 1991 epistolas,
1284 1916 1383 1994 prae·

163 2013 219 2071 ter
251 2010 323 2064 tres
355 2010 584 2083 memoratas,
628 2016 667 2065 ne
725 1994 829 2066 uidem
860 1992 947 2087 epod
977 2015 1028 2065 eos
1058 1994 1182 2066 haberi.
1242 1993 1388 2066 Praeter

162 2087 297 2186 Script.
321 2087 357 2163 S.
398 2088 488 2164 Vet.
520 2106 559 2161 et
587 2088 689 2161 Nov.
753 2084 836 2175 est.',
869 2106 1031 2186 tanquam
1056 2111 1216 2163 normam
1249 2087 1386 2182 script.-

164 2188 201 2263 8.
234 2181 491 2280 explicandae,
531 2199 571 2255 et
602 2184 753 2282 regulam
785 2182 886 2294 fidei·
907 2207 1128 2282 agnoverunt
1159 2184 1388 2282 synodorum

167 2279 397 2360 Generalium
432 2279 598 2369 decreta,
629 2303 671 2354 ac
702 2281 841 2353 Parrum
874 2283 1199 2376 interpretationes.v
1248 2279 1387 2378 Grego-

163 2379 235 2455 rius
269 2379 327 2452 M.
358 2377 418 2450 lib.
454 2375 483 2450 1.
518 2373 620 2472 epist.
657 2397 714 2468 ιφ
747 2375 837 2450 haec
855 2378 1039 2464 ,notabilia
1073 2375 1225 2474 protulit
1252 2380 1386 2466 verba,

165 2477 261 2552 Sicut
287 2475 323 2546 S.
350 2472 516 2565 euangelii
542 2488 678 2567 matoes
709 2473 831 2562 libros,
858 2467 910 2558 fic
940 2486 1075 2566 quotuor
1104 2475 1242 2547 eoncilia
1275 2498 1328 2547 me
1354 2487 1390 2546 ee

163 2571 314 2646 venerari
328 2566 464 2661 sareon,
488 2569 672 2641 Nicaenanr
688 2566 914 2663 seilicet,-·in-
930 2567 1188 2666 paopereersrtrn
1213 2568 1290 2643 Arii
1304 2573 1386 2662 dog·

163 2690 220 2743 ma
250 2661 445 2758 destruitur,
488 2659 871 2757 Conpionrinapolironum
892 2688 950 2759 qao
970 2691 1028 2756 ae,
1060 2669 1095 2737 in
1129 2688 1186 2760 quo
1211 2667 1391 2755 Eonernii,

166 2781 200 2838 er
225 2758 434 2845 Macedonii,
466 2779 554 2831 error
577 2763 799 2848 convincitur,
841 2690 1036 2856 Epleeſsqnurn
1066 2765 1166 2834 eriam
1191 2763 1230 2851 1,
1260 2765 1294 2833 in
1327 2785 1392 2855 qao

165 2855 308 2951 Nestorii
341 2858 485 2949 inpietas
514 2856 710 2952 judicator,
751 2857 1001 2957 chalcedonense
1033 2881 1126 2945 uero,
1165 2862 1200 2929 in
1222 2881 1280 2953 quo
1313 2859 1390 2931 Eu·

115 3035 118 3041 ,
167 2956 272 3053 tychis
307 2951 516 3043 Dioscorique
546 2957 697 3046 praeitor
731 2957 945 3047 reprobator,
996 2969 1066 3027 toea
1100 2957 1260 3028 devotione
1303 2976 1393 3029 conr·

161 3056 302 3148 plener,
336 3050 546 3140 integerrima
568 3051 800 3144 adprobatione
822 3071 862 3120 co
893 3053 979 3124 odio:
1012 3057 1085 3145 qaia
1109 3053 1143 3122 in
1170 3051 1242 3141 leis,
1283 3053 1394 3124 velari

168 3151 204 3221 in
227 3144 383 3240 quadrato
415 3143 540 3239 lapide,
569 3145 708 3236 santiae
727 3146 812 3241 fidei
865 3150 994 3220 rudore
1019 3145 1192 3242 consurgit.
1247 3146 1395 3248 Quibus

171 3264 256 3328 mox
290 3239 400 3314 addit·
421 3237 615 3313 concilium
657 3242 939 3316 Oecumenicum
972 3245 1090 3318 Viam,
1133 3243 1216 3316 ,Sic
1240 3262 1277 3315 et
1310 3246 1398 3318 Fer·

171 3334 298 3416 randus
321 3337 359 3408 in
384 3333 486 3432 epist.
512 3336 554 3409 ad
579 3337 779 3435 Pelagium,
804 3352 842 3409 et
862 3339 1088 3428 Anatolium,
1112 3339 1297 3419 Romanae
1324 3341 1396 3414 Ec·

171 3431 295 3514 cleirac
313 3431 512 3521 Diaconos,
534 3453 610 3528 cap.
637 3454 692 3526 7.,
719 3436 1091 3521 susocionnomine,
1117 3440 1289 3532 praecipue
1306 3439 1396 3530 illa,

165 3538 283 3630 quibos
307 3527 671 3624 RomanaeiEreleseae
694 3529 804 3625 consen
823 3555 862 3615 ur
894 3530 1045 3631 accefflr,
1068 3530 1232 3626 secandae
1263 3539 1400 3604 meari·

171 3634 255 3704 tatis
280 3631 383 3701 locum
407 3624 476 3722 posi
500 3632 668 3700 canonicos
691 3628 789 3699 libros
817 3645 936 3703 tenent.
985 3631 1041 3702 Sic
1067 3648 1104 3702 et
1128 3652 1203 3724 cup.
1231 3628 1291 3698 IX.
1309 3630 1396 3714 sola

161 3724 248 3825 sunt
285 3729 319 3797 in
354 3723 523 3796 Canonicis
559 3725 651 3797 libris
679 3743 863 3823 praecepta
885 3726 1014 3817 alirino,
1047 3741 1080 3800 el
1111 3729 1145 3799 in
1175 3723 1398 3799 Generalibas

171 3823 310 3919 Synodis
328 3838 468 3915 paterna
501 3821 666 3908 decim
689 3846 749 3894 non
777 3819 976 3917 refutanda,
1019 3847 1077 3896 nee
1108 3818 1305 3920 respuendo,
1331 3823 1401 3922 sed

171 3916 381 4017 roflodienda
400 3933 432 3989 ee
454 3917 670 4013 amplectenda
687 3938 755 3995 etc.
805 3917 999 3994 Anastasius
1021 3920 1153 3996 Sinaita
1168 3918 1206 3995 in
1232 3919 1395 4016 Hodego

171 4039 250 4113 cap.
284 4014 347 4087 lll.
389 4012 570 4089 concludit
609 4015 664 4089 his
708 4014 837 4091 verbis.
888 4016 961 4119 „Qui
988 4019 1123 4116 frendes
1152 4041 1206 4092 eos
1239 4017 1394 4090 nonem

166 4111 275 4221 (quos
298 4107 408 4191 modo
436 4109 676 4213 recensuerat)
702 4138 764 4194 non
790 4111 992 4218 sequantur,
1031 4115 1203 4198 damnares
1230 4114 1394 4310 dr‘ccp'r'nplr.

172 4274 176 4281 .
671 4238 724 4279 uf·
766 4239 797 4275 'i
1164 4228 1270 4287 ¹¹l·
1357 4230 1396 4284 0·
