3008 4830
388 634 406 643 η
469 714 476 729 ·
581 656 689 743 Serui.
712 662 787 745 tta
877 676 903 703 '·
1047 686 1054 695 ·
1216 672 1292 763 ’τος

47 836 243 936 breviter,
283 837 475 953 differatur..
509 842 638 921 Christi
666 870 805 923 carnem
835 864 874 923 et
901 845 1100 948 sanguinem
1124 846 1186 922 sub'
1209 848 1286 943 ipe·

43 948 179 1023 ciebua
203 962 312 1040 panta
337 959 376 1012 et
398 962 476 1013 viru
506 941 648 1015 realiter
671 942 709 1017 in
734 942 940 1019 eucharistia
970 968 1041 1018 non
1071 940 1205 1035 adeffe,
1238 943 1289 1015 se·

46 1044 217 1119 cundum
246 1038 427 1126 Veteres,
451 1036 545 1131 quod
562 1038 919 1113 catholico-Rotnani
938 1040 1178 1128 contendunt,
1205 1060 1288 1111 cum

47 1160 70 1213 a
96 1131 680 1227 1¹1otestan1ibus,quosadsec.
706 1136 753 1210 ΙΙ.
779 1134 912 1223 citavi,
938 1135 1017 1209 satie
1041 1134 1082 1209 sat
1108 1132 1286 1222 eviduur,

47 1258 134 1309 eam
158 1230 468 1325 disputationem,
501 1250 547 1299 ne
574 1228 679 1303 nitriis
699 1230 850 1324 prolixus
876 1230 960 1315 sun,
985 1230 1142 1320 mittam,
1178 1249 1216 1302 et
1243 1226 1288 1301 ad

52 1350 186 1403 veram
210 1344 344 1397 eorum
378 1320 584 1395 senteutiam
616 1323 661 1395 de
690 1324 888 1421 praesentia
918 1323 1047 1399 Christi
1077 1325 1114 1397 in
1154 1347 1196 1396 ea
1227 1347 1288 1399 er·

56 1421 289 1523 ponendam,
313 1440 357 1490 ac
372 1414 690 1509 demonstrandam,
717 1444 801 1496 mox
818 1420 962 1494 accedo.
1012 1420 1116 1506 Fuit,
1140 1439 1285 1493 eamear

60 1518 263 1617 opinione,
301 1512 441 1609 prorsus
463 1513 605 1603 eadem,
637 1535 679 1588 ac
703 1538 792 1611 quae
813 1535 916 1590 antea
944 1513 1080 1612 viguit,
1120 1536 1290 1609 quamque

60 1622 105 1691 ad
129 1614 256 1708 super.
287 1614 357 1683 iet.
390 1610 429 1681 in
455 1609 583 1691 lacem,
603 1611 781 1703 protraxi,
816 1610 970 1685 divinam
993 1610 1129 1683 scilicet
1156 1606 1287 1681 Christi

54 1730 252 1795 naturam,
285 1702 551 1811 vel-Spiritum,
582 1707 653 1778 rese
677 1727 757 1779 cum
779 1705 963 1779 elementis
986 1703 1079 1778 arde
1107 1700 1225 1791 unire,
1250 1719 1290 1775 et

50 1808 135 1882 vim
150 1802 310 1875 induere
327 1798 593 1888 vivificantem,
629 1798 719 1874 salva
743 1802 910 1888 materia,
945 1818 981 1873 et
999 1818 1124 1873 natura
1138 1796 1235 1894 panis
1252 1816 1290 1879 et

51 1900 168 1986 vini3
188 1892 368 1969 ferestcut
383 1915 465 1966 cum
480 1894 601 1969 natur'a
615 1894 768 1971 humana
787 1894 839 1968 est
854 1895 951 1970 unita
964 1893 1107 1984 diviua,
1131 1893 1219 1966 adeo
1245 1915 1290 1966 ue

52 2000 229 2073 Veteres
255 1988 338 2088 quid
361 1986 457 2084 pius,
487 2012 597 2086 quam·
610 2010 739 2086 putant
761 1988 981 2077 Reformati,
1021 1989 1060 2063 in
1085 1918 1291 2063 euchaida

55 2086 254 2168 admisrffe.
304 2084 403 2186 Quae
433 2084 546 2159 nostra
577 2084 771 2177 sententia,
811 2106 913 2159 antea
940 2107 986 2159 ex
1010 2085 1203 2158 Veteribus
1226 2084 1287 2159 ad·

60 2190 236 2271 firmata,
275 2179 331 2253 his
356 2178 436 2251 nixa
465 2179 517 2253 est
555 2180 769 2258 rationibus:
804 2204 885 2278 quas
916 2178 1062 2254 stridim
1096 2178 1286 2256 exhibebo.

60 2308 95 2360 1.
123 2279 282 2355 Primam
304 2274 502 2371 suppeditat
521 2277 737 2371 conjectatio,
762 2275 902 2372 ejusque
926 2275 1059 2364 forma,
1093 2296 1155 2370 per
1183 2277 1287 2348 invo-

54 2379 253 2455 cationem
275 2370 447 2465 Spiritus,
473 2389 512 2443 ut
529 2372 566 2445 su
593 2394 632 2444 er
649 2372 743 2445 dona
758 2371 965 2459 descendat,
990 2393 1098 2465 eaque
1116 2370 1173 2443 sua
1189 2392 1287 2466 prae·

59 2471 201 2561 sentia,
239 2486 277 2541 et
307 2464 561 2561 operatiouee
601 2489 707 2555 cate,
742 2467 849 2543 faciat
883 2483 995 2558 carpus
1027 2488 1066 2537 ac
1088 2462 1290 2561 sanguinem

56 2564 214 2646 Christi.
258 2558 318 2635 Sic
342 2559 459 2633 Const.
489 2560 609 2647 Apost.
644 2561 755 2636 V111:.
785 2586 841 2637 ra.
874 2560 935 2634 fin.
973 2579 1094 2644 orant,
1128 2576 1166 2633 ut
1193 2562 1291 2633 Deus

59 2665 187 2741 mittat
198 2658 356 2756 spiritum
371 2650 420 2727 ad
444 2651 489 2730 nit
511 2655 622 2734 statar
644 2655 752 2739 τᾶυτκν
775 2691 828 2714 -0
850 2688 905 2707 -·
930 2688 984 2710 -
1008 2653 1088 2740 ὅπως
1104 2653 1291 2749 traditati

59 2762 227 2839 exhibeat
251 2776 376 2850 panem
400 2774 525 2847 corpus
551 2751 691 2827 Christi.
732 2753 891 2827 Eundem
916 2753 1055 2848 prorsus
1081 2755 1119 2826 in
1145 2760 1290 2827 modum

57 2853 228 2953 loquitur
253 2848 372 2943 Cyrill.
398 2848 538 2921 Hieros.
561 2867 628 2921 cat.
661 2847 805 2951 mystag.
840 2850 905 2921 ΙΙΙ.
938 2847 969 2944 §.
995 2870 1029 2936 5.
1056 2867 1093 2921 et
1117 2847 1167 2921 V.
1191 2847 1222 2945 Β.
1250 2868 1286 2936 5.

60 2976 137 3031 nec
168 2969 241 3019 non
264 2943 357 3016 Basti.
391 2942 470 3030 M,
504 2942 547 3015 de
569 2944 694 3038 Spiritu
721 2946 757 3017 S.
795 2966 827 3016 c.
858 2965 914 3035 27.
948 2940 1008 3014 uii
1038 2962 1209 3016 tremorat
1245 2970 1290 3014 ra

60 3048 123 3122 τὶς
148 3052 317 3120 ramanae
336 3040 457 3133 ptam
477 3041 526 3112 iat
549 3036 584 3132 τῇ
608 3039 752 3124 iraditio
778 3062 857 3111 cum
891 3036 1061 3130 conficitur
1082 3041 1177 3132 panis
1208 3058 1287 3109 cor·

62 3164 141 3241 pue
165 3156 255 3223 etc.;
277 3137 477 3207 conferatur
494 3136 599 3206 etiam
619 3134 723 3226 ipiius
738 3131 899 3226 Liturgia
918 3135 988 3224 Op.
1014 3149 1038 3203 t.
1060 3133 1106 3202 11.
1134 3156 1170 3225 p.
1197 3138 1281 3223 ⁶79·
1388 3208 1393 3215 ,

63 3258 109 3314 et
130 3229 304 3343 Chrysost.
330 3231 427 3302 hom.
454 3228 490 3301 in
508 3231 679 3302 coemiterii
695 3249 814 3300 notata.
848 3223 1067 3314 Ambrofius,
1108 3227 1163 3297 vel
1193 3224 1284 3320 quis·

61 3331 150 3433 quis
181 3351 258 3423 ejus
287 3345 389 3397 autor
412 3322 474 3414 stt,
512 3323 716 3421 precatione
741 3324 769 3397 1.
801 3319 1056 3418 praeparatoria
1086 3320 1129 3394 ad
1152 3320 1287 3397 miffam

62 3435 140 3527 op.
171 3446 197 3497 t,
225 3423 271 3494 ΙΙ.
304 3419 341 3492 iu
366 3419 556 3516 adpendice
581 3419 637 3491 ed.
665 3441 748 3492 nov.
768 3420 867 3508 Peto,
902 3419 1058 3505 Domine,
1083 3421 1287 3492 tletneatiam

59 3551 180 3611 guam,
207 3533 245 3589 at
270 3513 439 3611 descendat
445 3515 546 3610 super
565 3516 647 3586 itanc
666 3524 803 3607 panem,
830 3531 861 3585 et
888 3515 1019 3588 calicem
1039 3513 1158 3606 ssuttt,
1180 3517 1285 3608 pleni·

61 3624 140 3704 tuda
169 3614 358 3687 divinitatis
385 3628 480 3684 tuae:
504 3608 670 3705 descendat
696 3614 794 3681 etiam
820 3609 979 3696 Domine,
1004 3610 1062 3679 illa
1088 3610 1124 3682 S.
1141 3611 1286 3702 Spiritus

59 3722 115 3799 aui
140 3705 458 3802 intistbilisforma,
484 3722 515 3778 et
541 3704 860 3800 incotapreiteastbilis
877 3701 1068 3801 Majestas,
1091 3701 1284 3797 ficutquoa·

64 3826 141 3894 dam
174 3812 212 3880 ia
235 3805 376 3877 Petram
403 3800 520 3893 hostias
544 3790 771 3897 descendebat,
812 3805 866 3896 qui
896 3821 927 3876 et
954 3803 1127 3875 oblationes
1159 3798 1285 3892 nostras

69 3927 204 4001 carpus,
237 3916 273 3971 et
285 3897 502 3996 sanguinem,
529 3913 620 3971 taam
637 3895 765 3993 efficiat
781 3916 852 3972 etc.
901 3896 988 3970 Vid.
1024 3895 1131 3969 etiam
1160 3897 1284 3969 Theo·

61 4002 158 4115 phil.
181 3998 290 4071 Alex.
316 3991 416 4092 epist.
442 3992 591 4089 paschal.
616 3995 645 4069 1.
1126 4048 1128 4054 .

109 4095 148 4195 ᾗ.
172 4093 247 4167 cl..
287 4111 320 4167 a.
354 4086 491 4167 Eodem
529 4090 632 4188 plane
663 4086 779 4169 tendit
817 4087 1036 4189 comparatio
1070 4083 1288 4189 praesentiae

107 4192 207 4277 lim.
229 4186 298 4263 IV.
669 4186 704 4258 Ο
1152 4172 1287 4256 christi
