3008 4830
395 541 397 545 '
715 538 721 551 Ι

344 724 346 731 1
438 676 487 761 ψ
585 652 802 765 ututur
1020 717 1021 721 κ
1109 629 1110 632 Ὺ
1230 705 1303 786 213

78 862 184 959 fide,
206 859 345 964 aliisque
369 886 420 980 ue
442 864 542 962 o'tiir,
568 878 657 968 qu'ae
673 889 741 978 pro
757 866 816 943 sua
835 851 1098 980 magnitudine
1122 861 1306 942 terminari

84 985 160 1135 2¹3?
182 959 875 1139 diffinireritipistihiitsiif’
895 959 1303 1159 &trierim
1383 1084 1386 1092 -

82 1153 133 1230 rie
155 1153 229 1251 jam
253 1172 351 1246 erat,
374 1173 414 1230 ut
438 1084 580 1231 vicinia
605 1084 715 1231 fuerit
732 1157 873 1255 pallium
895 1150 1032 1231 milium
1059 1156 1177 1231 Roma
1197 1176 1217 1227 a
1237 1152 1300 1227 Pa·

83 1273 162 1420 ΕΒ,
193 1250 279 1325 iicet
301 1272 372 1326 non
394 1249 469 1327 stne
494 1251 666 1327 consensu
691 1253 952 1350 Iupemtorum,
976 1253 1034 1327 vel
1055 1251 1217 1362 Regum,
1241 1245 1301 1346 'qui

115 1368 159 1423 oc
189 1344 305 1421 secuto
330 1346 446 1422 adhuc
467 1344 539 1423 fuit
563 1346 772 1447 tequifitue,
818 1367 859 1423 ut
882 1370 929 1424 ex
954 1349 1122 1448 Gregorii
1146 1343 1304 1443 epistolis

84 1440 221 1531 variir,
263 1465 320 1518 ex.
344 1466 397 1552 gr.
419 1442 444 1516 Ι.
471 1445 500 1520 L
525 1466 584 1540 ep.
611 1467 668 1539 27.
694 1443 845 1536 v1125.
878 1460 916 1516 et
943 1444 1008 1518 IX:
1045 1462 1102 1519 11.
1137 1438 1303 1539 patescit.

84 1538 148 1636 Jua
170 1540 472 1634 netropolrticum
496 1562 564 1614 uua
589 1563 673 1615 cunr
698 1537 805 1637 pallio
828 1539 929 1614 fuid'e
945 1540 1096 1636 Johanni
1112 1539 1300 1612 Ravenna·

83 1632 173 1708 tensi
194 1636 237 1707 ab
253 1635 467 1732 'inperatore
491 1633 744 1712 Valentiniano
769 1637 969 1714 conuersum
995 1634 1103 1709 tradit
1133 1633 1302 1728 Agnellus

87 1730 297 1817 Ravennae,
322 1729 389 1806 sec.
414 1732 478 1804 IX.
503 1732 675 1828 scriptor,
706 1731 744 1805 in
770 1734 850 1805 uitis
873 1731 1101 1830 Episcopum
1124 1727 1301 1801 Rauenna·

83 1821 244 1917 reustum,
269 1825 308 1899 in
332 1847 482 1923 corpore
503 1828 719 1924 'scriptorum
755 1827 877 1902 ltaliae
901 1825 1094 1902 Muratorii
1120 1842 1209 1898 tom.
1233 1824 1300 1898 lii.

87 1920 184 2017 quod
205 1918 269 1994 etsi
287 1922 418 1996 refutet
443 1920 528 1997 ibid.
555 1923 769 2012 Dachinius,
801 1924 966 1998 concedit
992 1942 1128 2012 tumen,
1153 1919 1234 1994 illud
1258 1920 1305 1995 ad

88 2013 301 2112 petitionem
330 2019 546 2115 inperatoris
576 2018 648 2093 effe
677 2039 698 2092 a
732 2017 825 2115 Papa
845 2018 986 2093 fadum.
1035 2020 1202 2091 Ceterum
1226 2017 1304 2112 pai-

86 2119 186 2200 lium,
211 2113 271 2206 qui
288 2114 390 2188 vocis
411 2111 462 2187 est
479 2113 643 2188 notabilia
658 2115 798 2205 abusus,
826 2113 971 2189 Graecis
988 2110 1119 2185 didium
1136 2113 1305 2208 dpoapo'guv

84 2209 269 2296 humerale,
292 2231 337 2282 ex
362 2211 436 2282 lana
465 2207 689 2302 coniedium,
720 2228 758 2282 et
782 2231 901 2284 cruces
926 2209 1134 2285 intertextas
1151 2210 1300 2299 habeus,

88 2306 287 2400 supremum
311 2303 526 2401 expingebat
547 2303 753 2400 pastorem,
795 2328 903 2380 ovem
933 2303 1110 2402 perditam
1144 2304 1300 2380 humeris

88 2400 303 2497 gestantem
336 2401 434 2495 cujus
457 2401 533 2474 usus
554 2399 646 2493 apud
674 2401 828 2475 Graecos
850 2400 919 2478 furt
941 2422 1082 2497 quoque
1106 2400 1297 2496 Metropo-

87 2498 274 2570 litauorum
297 2513 335 2568 et
357 2495 632 2592 Episcoporum,
675 2494 795 2571 sedin
819 2496 1020 2572 Occidente
1041 2493 1174 2593 insigne
1202 2499 1298 2570 vica·

88 2591 216 2676 rietur,
240 2589 323 2665 dein
348 2591 391 2666 ad
414 2612 537 2666 omnes
560 2591 801 2703 metropolitas
826 2591 1047 2680 transsatum,
1089 2591 1147 2668 sed
1169 2593 1229 2690 qui
1253 2617 1299 2666 eo

82 2685 161 2784 ipso
186 2684 327 2762 -Vicarii
347 2688 461 2783 Papae
480 2686 559 2759 sunt
581 2685 774 2762 constituti.
824 2689 988 2776 Pallium,
1013 2708 1033 2759 a
1054 2688 1146 2783 Papa
1173 2691 1301 2764 Archi·

88 2779 266 2879 episcopie
286 2779 424 2872 datum,
449 2782 572 2877 coepit
598 2781 764 2880 deinceps
788 2781 908 2857 haberi
926 2804 992 2880 pro
1008 2783 1300 2855 communicatio·

87 2874 529 3048 tradididit?
551 2875 1299 3049 pif‘fflizipditiiididiti&

87 3067 183 3144 rialis
199 3066 339 3143 deferre
369 3027 528 3144 solebant,
553 2996 619 3164 (pier
633 2995 748 3144 prisum
781 2996 921 3145 circinat·
937 2995 1050 3238 puilia·J
1059 3088 1096 3141 et
1116 2998 1301 3166 purpurio,

88 3183 130 3239 ut
151 3165 183 3261 J„
208 3184 228 3236 a
252 3162 356 3238 Costa
381 3187 427 3239 ex
450 3160 653 3260 Capitolino
684 3164 721 3237 in
754 3162 887 3238 Albino
918 3186 940 3237 o
966 3161 1119 3236 servavit
1150 3166 1193 3238 ad
1223 3167 1302 3251 Dee

12 3337 27 3363 ς
91 3255 234 3334 cretalia
258 3259 421 3354 Gregorii
442 3260 505 3336 IX.
536 3282 574 3356 p.
598 3265 659 3351 98.
710 3257 804 3351 Ubi,
827 3259 919 3357 quod
945 3257 1155 3351 notandum,
1180 3261 1301 3355 addit,

92 3354 213 3450 negari
242 3377 312 3428 non
332 3353 448 3450 poffe‚
493 3354 603 3432 muita
627 3350 797 3452 recepisse
822 3352 1013 3430 Pontifices
1045 3355 1225 3434 Romanoa
1254 3359 1300 3436 ab

92 3451 354 3547 inperatoribus
379 3452 561 3527 Romanis.
608 3453 774 3528 Ceterum
801 3449 898 3528 cavit
912 3449 1099 3528 concilium
1131 3447 1303 3528 Matisco·

89 3541 199 3625 neuse
223 3546 260 3621 in
287 3545 398 3622 Gallia
421 3571 452 3623 a.
476 3555 584 3638 581„
608 3570 655 3623 ne
681 3545 1077 3646 Archi-episcopuustne
1123 3546 1198 3619 allio
1221 3544 1299 3645 mis·

24 3680 27 3686 ¹
84 3640 148 3745 sur
178 3641 284 3718 dicere
307 3640 514 3737 praesumat.
566 3642 671 3742 Quod
692 3641 832 3740 pallium
856 3645 1065 3724 nonnullirr
1136 3641 1302 3722 icariatut

92 3741 130 3816 in
207 3738 221 3815 i
253 3734 451 3815 distiuiium
482 3741 627 3815 volunt:
667 3735 727 3813 sed
751 3742 848 3835 panii
880 3740 958 3818 usur
991 3760 1063 3814 non
1095 3753 1169 3812 erat
1199 3752 1301 3817 extra'

93 3831 152 3910 M·
181 3858 278 3911 arum
302 3853 479 3931 tempora,
504 3834 591 3911 Vid.
617 3834 811 3931 Gregorius
826 3836 883 3914 M.
908 3838 932 3915 1.
954 3822 1021 3909 111.
1048 3856 1107 3931 ep.
1133 3839 1217 3927 56„
1240 3837 1301 3936 qui

95 3947 213 4006 tamen
237 3928 496 4009 Ravennatensr
519 3929 696 4028 Episcopo
721 3927 828 4007 etiam
854 3929 894 4011 in
916 3926 1086 4021 Litaniir,
1109 3925 1168 4005 sed
1193 3931 1303 4009 certis

95 4025 237 4119 diebus,
263 4025 313 4102 ibi
334 4024 545 4115 nominatis,
570 4024 738 4102 conceffit
764 4026 786 4104 l.
811 4027 862 4104 V.
885 4051 942 4127 ep.
969 4047 1026 4102 11.
1044 4030 1103 4120 5⁶·
1122 4024 1208 4104 Vrd.
1225 4029 1302 4104 etl.

95 4121 333 4296 wTep'I3V4‘
380 4117 631 4232 Pluraqttide
647 4120 763 4299 {anio
782 4120 893 4226 velit,
913 4116 1036 4220 adeat,
1058 4141 1201 4226 praeter
1215 4125 1311 4199 Can-¹

1188 4217 1315 4318 terium·
1370 4276 1424 4558 ι
