3074 4838
556 692 563 703 .
689 622 798 708 secut
825 623 871 706 V.
965 646 993 701 ·.
1316 634 1394 717 601

163 798 318 898 liprior
344 798 511 882 diffensus
551 825 662 904 teque
694 807 800 885 facile
830 791 917 884 tolli
938 802 1072 906 pollet,
1103 805 1312 885 catholicos
1344 830 1381 885 et

163 900 354 994 Semi-pesa
381 904 479 977 ianus
494 902 611 976 secum
630 904 849 995 conciliall'e,
874 928 945 980 non
970 905 1065 980 soret
1080 903 1234 980 difficile.
1279 907 1379 982 Ten·
1475 930 1478 935 ·

163 1015 254 1071 tavit
271 997 352 1069 illud
410 998 554 1072 olimst
580 1000 649 1073 lV.
684 1023 716 1077 c.
742 1003 786 1090 l.‚
817 1000 1020 1092 statuendo,
1053 1004 1244 1077 Gallianum
1268 1004 1379 1092 velle,
1492 1038 1496 1045 ¹

160 1094 280 1169 Deum
296 1094 338 1163 ab
355 1094 499 1166 homine
519 1097 723 1187 praeveniri,
750 1119 822 1170 non
841 1098 1043 1193 simpliciter
1061 1119 1097 1171 et
1113 1098 1288 1187 absolute,
1315 1098 1376 1173 sed
1491 1104 1506 1121 '

161 1188 353 1267 secundum
380 1191 445 1261 lros
477 1190 599 1265 illosne
631 1195 764 1287 gratiae
790 1193 905 1284 ailus,
945 1193 1099 1282 scilicet,
1140 1199 1319 1289 generales
1340 1210 1378 1267 et

159 1289 293 1384 primas
318 1282 559 1378 operationes,
584 1290 709 1382 quibus
725 1291 834 1361 homo
858 1293 900 1362 ad
917 1288 1064 1384 gratiam
1082 1290 1259 1364 salutarem
1275 1313 1379 1387 prae·

159 1374 417 1482 paratur,'elle
443 1403 488 1453 ex
506 1386 616 1476 gratia
640 1406 779 1481 quoque
800 1385 941 1473 divina;
966 1383 1148 1456 hominem
1175 1410 1283 1477 vero,
1309 1384 1376 1461 nili

159 1501 205 1553 ca
230 1477 388 1564 virtute,
411 1499 433 1548 a
458 1479 541 1550 Deo
565 1479 708 1561 collata,
733 1478 830 1554 reste
855 1499 992 1569 utatur,
1017 1501 1088 1551 uon
1110 1482 1273 1577 consequi
1295 1504 1374 1579 gra·

162 1576 248 1650 tiam
273 1574 472 1659 salutarem,
506 1571 530 1645 st
558 1597 645 1647 vero
676 1577 811 1673 gratiae
835 1575 1035 1674 primordiis
1059 1576 1292 1672 obsequatur,
1323 1579 1376 1652 ul·

160 1673 328 1745 teriorem
351 1666 494 1762 gratiam
516 1667 705 1765 inpetrare.
758 1670 908 1840 (frmefi
936 1695 1019 1746 vera
1039 1670 1126 1744 ellet
1150 1671 1295 1767 opinio,
1321 1671 1377 1748 di·

159 1767 315 1843 vortium
350 1787 422 1838 non
453 1763 543 1836 adeo
575 1789 739 1862 magnum
787 1788 885 1858 uret,
924 1792 1004 1843 cum
1045 1766 1120 1863 ipse
1161 1767 1377 1865 Augustinus
1462 1858 1464 1865 Ι

158 1866 204 1940 ab
238 1859 408 1956 ejusmodi
440 1860 570 1932 auxilio
602 1861 671 1933 Dei
705 1863 860 1958 generali
901 1882 939 1936 et
977 1862 1170 1937 remotiore
1207 1888 1279 1940 nun
1318 1862 1375 1937 via

159 1960 282 2033 deatur
304 1957 455 2032 alienus:
480 1959 517 2028 in
542 1957 602 2028 lib.
627 1958 672 2029 de
695 1974 814 2031 natura
833 1973 865 2028 et
878 1960 994 2051 gratia
1018 1980 1052 2030 c.
1076 1967 1134 2049 67.
1183 1962 1377 2037 Caffianum

160 2053 198 2129 id
221 2052 361 2141 dicere,
385 2052 502 2126 velet
527 2053 621 2122 vires
645 2054 816 2127 naturales
837 2077 907 2160 pru
933 2052 1086 2149 gratuito
1102 2053 1174 2125 Dei
1197 2057 1292 2129 dono
1310 2057 1373 2131 ha·

160 2152 266 2240 bere,
308 2149 402 2222 salvo
427 2144 489 2222 suo
513 2145 713 2242 systemate,
745 2148 917 2245 potuisse,
949 2170 1020 2221 non
1053 2168 1165 2240 nego,
1204 2149 1262 2222 sed
1289 2173 1375 2228 num

159 2248 199 2325 id
234 2245 429 2332 censuerit,
468 2245 621 2316 nundum
645 2243 733 2318 mihi
767 2246 895 2341 liquet:
936 2266 1003 2318 nec
1036 2239 1151 2317 voni
1173 2266 1375 2338 argumenta

157 2342 253 2422 aliud
275 2339 355 2436 quid
380 2337 639 2428 demonstrant,
679 2363 722 2413 ac
745 2341 862 2413 Deum
888 2337 1027 2434 speciali
1052 2337 1162 2433 gratia
1188 2362 1258 2413 non
1286 2363 1374 2417 con·

157 2459 300 2515 currere
320 2436 504 2532 aliquando
528 2435 569 2506 ad
596 2434 692 2509 ailus
724 2434 984 2533 regenitorum,
1029 2431 1089 2506 nist
1114 2433 1195 2527 post
1227 2454 1375 2513 conatus

157 2532 313 2633 ipsorum
339 2552 382 2604 ex
405 2531 570 2606 habituali
604 2530 713 2627 gratia
744 2528 944 2628 profestos:
986 2527 1031 2600 de
1064 2552 1133 2623 quo
1160 2553 1254 2607 mox.
1303 2533 1374 2609 Sed

155 2630 249 2710 unde
279 2628 322 2704 ad
364 2629 516 2722 primum
548 2626 632 2700 fidei
666 2627 804 2701 initium
839 2625 990 2702 firmiter
1025 2625 1186 2700 concludi
1220 2631 1375 2725 nequit;

154 2729 322 2827 nusquam
348 2722 437 2795 dixit
468 2720 659 2817 Calliaros,
725 2723 828 2796 rimas
859 2723 932 2797 illas
962 2720 1208 2816 operationes,
1272 2725 1374 2800 uibus

156 2826 231 2904 Dei
262 2818 373 2931 gratia
397 2815 640 2913 praevenitur,
672 2747 742 2892 ede
767 2841 786 2890 a
809 2820 913 2906 Deo,
954 2813 1012 2889 sed
1037 2815 1166 2923 ubique
1190 2748 1375 2894 exdiberu

155 2922 302 2999 arbitrtu
326 2935 363 2987 et
381 2914 516 2988 viribus
543 2911 772 3001 naturalibus,
796 2914 900 2986 etita
925 2912 1039 2984 secum
1058 2912 1280 3005 disputarunt
1297 2917 1374 2987 Au-

148 3009 347 3118 ·gustiniani
369 3032 411 3082 ac
433 3005 731 3102 Semi-pelagiani.
780 3007 898 3104 Quare
923 3005 997 3101 ipse
1023 3006 1161 3081 Vossius
1184 3006 1269 3082 huic
1293 3007 1376 3085 viae

151 3105 416 3189 conciliationis
442 3124 513 3175 non
549 3100 694 3175 nimium
721 3101 852 3175 tribuit.
903 3098 1063 3175 Faustum
1089 3121 1226 3192 tamen,
1261 3104 1376 3183 mani·

152 3206 249 3284 feste
271 3196 624 3294 Semi-pelagianum,
655 3198 701 3271 de
722 3220 792 3293 quo
811 3195 952 3293 postea,
978 3193 1084 3266 tradit
1102 3196 1309 3283 Gennadius,
1327 3203 1376 3279 de

149 3305 244 3382 ,pm
271 3292 388 3392 illustr,
410 3302 533 3393 cap.·8
537 3314 572 3383 5.
597 3293 630 3366 in
656 3317 676 3366 e
720 3293 804 3389 egio
827 3293 918 3367 libro
942 3293 986 3364 de
1011 3291 1181 3383 gratian
1205 3294 1376 3373 libertar-
1503 3334 1510 3348 ·

149 3401 276 3487 'bitrio
315 3393 464 3479 docere,
500 3393 646 3486 gratiam
706 3390 736 3464 ei
756 3389 886 3488 semper
917 3403 950 3462 et
982 3388 1145 3478 invitare,
1183 3411 1216 3469 et
1244 3414 1380 3488 praeese
1409 3439 1411 3445 ,

146 3501 253 3584 aare,
276 3504 310 3562 et
333 3490 489 3584 adjuvare
513 3489 708 3562 voluntatem
735 3487 894 3584 nastrum,
935 3500 970 3557 et
992 3487 1141 3579 quicquid
1174 3492 1207 3582 ip
1224 3515 1246 3561 a
1262 3492 1375 3567 ,liber-
1406 3578 1416 3583 -

145 3600 212 3669 nos
243 3585 515 3665 absentiabare
544 3589 616 3678 piae
639 3586 790 3657 mercedis
824 3579 1038 3678 nequiſsetis,
1068 3605 1129 3657 nun
1163 3608 1239 3661 ee:
1251 3586 1379 3678 propri·

148 3712 212 3765 unt
232 3685 407 3771 meritum,
429 3678 495 3776 sed
511 3685 644 3773 gratim
673 3680 797 3753 donum.
850 3672 1039 3780 Quae·alii
1070 3678 1164 3752 hunc
1198 3698 1234 3748 tn
1264 3679 1377 3767 finem

150 3774 377 3887 adsistam,
417 3775 587 3855 refutavit
611 3772 776 3854 Norifius
799 3775 837 3853 in
869 3772 1077 3885 adpendico¹
1090 3774 1133 3849 ad
1164 3773 1296 3869 synod.
1324 3776 1377 3859 V.¹

153 3898 239 3978 cap,
264 3894 325 3948 ml,
345 3893 365 3927 'l'
413 3970 417 3977 Ι
453 3894 456 3901 “
1340 3908 1343 3913 -

137 4156 398 4257 &Tun-IV.
697 4159 833 4266 Gggg
1138 4112 1387 4267 'cnnmg
