3074 4838
696 422 699 431 a
1028 430 1031 435 .
1368 418 1370 423 .

679 621 786 701 Secul.
811 577 855 698 V.
908 671 911 676 -
1300 639 1386 711 549,

150 803 360 902 eoel'egerit
392 795 628 901 Augustinus,
667 797 693 874 st
724 799 799 898 ipse
832 799 922 875 hanc
958 796 1162 896 opinionem
1194 795 1369 871 adtribuat

149 899 312 996 Pelagio,
336 899 420 974 illud
447 899 564 992 magui
590 894 640 968 eil
666 896 874 970 faciendum.
940 897 1017 991 lpse
1043 913 1158 979 autem
1184 892 1227 966 de
1253 893 1368 987 gratia
1499 941 1501 945 2

149 996 270 1091 Christi
295 1019 327 1071 c.
351 1019 387 1086 4.
408 993 587 1158 secundum
612 992 804 1085 Pelagium,
835 989 967 1088 inquit,
999 989 1240 1088 poffibilt'tacem
1263 989 1369 1095 alirino

148 1094 303 1188 adjuvari
327 1093 472 1178 auxii03
512 1087 615 1183 ipsum
641 1103 750 1160 autem
770 1090 930 1160 auxilium
959 1089 992 1159 in
1025 1090 1115 1181 lege,
1151 1088 1196 1160 sic
1227 1102 1366 1181 pergat,

147 1185 314 1282 constituit
337 1209 380 1259 ac
401 1185 561 1270 doctrina,
586 1207 680 1276 quam
706 1184 796 1255 nobit
810 1181 945 1277 fatetur
969 1186 1068 1257 eriam
1091 1179 1206 1277 sanilo
1239 1182 1367 1275 Spiritu

148 1286 313 1371 revelari3
349 1299 477 1376 propter
507 1280 585 1373 quod
619 1295 650 1352 et
685 1278 839 1351 orandum
871 1280 1024 1352 concedit.
1076 1276 1153 1373 Ipse
1188 1278 1368 1371 Pelagius,

150 1379 288 1450 citante
312 1373 509 1472 Augustino
532 1373 619 1448 ibid.
652 1396 683 1447 c.
710 1397 744 1467 7.
769 1372 853 1447 illud
885 1373 996 1469 ipsum
1031 1372 1177 1446 innuere
1211 1373 1371 1459 videtur,

154 1473 213 1546 liis
239 1472 373 1559 verbis,
413 1472 552 1567 adjurat
581 1492 639 1541 nor
669 1467 760 1541 Deus
788 1489 846 1566 per
875 1471 1048 1544 dollrinam
1078 1484 1111 1540 et
1149 1469 1373 1552 revelationem
1443 1519 1451 1528 .

145 1568 267 1666 suam,
299 1570 373 1639 dum
396 1568 498 1641 cordis
521 1561 619 1659 nuslri
643 1565 746 1638 oculos
765 1567 891 1658 aperit,
916 1567 989 1640 dum
1021 1567 1129 1652 uobis,
1163 1587 1201 1635 rte
1221 1560 1373 1657 praeseu-

159 1668 247 1737 tibus
272 1681 477 1758 occupemur,
494 1659 615 1751 sutura
637 1659 848 1755 demonstrat,
874 1664 948 1735 dum
972 1663 1107 1734 Diaboli
1126 1663 1241 1756 pandit
1263 1656 1376 1750 infidi·

155 1781 221 1849 at,
244 1762 316 1832 dum
344 1781 400 1832 nos
423 1757 599 1850 multiplice
627 1772 659 1827 et
682 1755 846 1852 ineffabili
873 1760 948 1830 dotto
972 1762 1105 1852 gratiae
1131 1755 1273 1854 coelestis
1299 1753 1376 1825 illu·

157 1859 282 1933 minat:
310 1874 381 1951 quo
405 1855 513 1927 etiam
535 1854 625 1925 haec
651 1850 728 1945 ejus
754 1854 859 1925 verba
890 1856 981 1945 apud
1015 1851 1250 1946 Augustinum
1285 1848 1373 1924 ibid.

156 1951 327 2037 tendunt,
358 1947 466 2021 Deum
488 1947 679 2021 revelatione
693 1943 876 2042 sapienciae
899 1953 931 2018 in
956 1944 1139 2040 desiderium
1155 1950 1222 2022 Dei
1247 1965 1376 2044 torpen-

161 2061 225 2119 tem
245 2043 409 2144 suscitare
437 2046 652 2130 uoluntatem,
694 2058 726 2113 et
746 2040 889 2137 suadere
920 2065 1009 2116 omne
1049 2045 1128 2139 quod
1166 2052 1278 2119 bonum
1314 2044 1379 2129 esi.-

164 2143 331 2239 Denique
358 2139 465 2216 tradit
489 2126 648 2235 Pelagine
663 2134 701 2210 in
725 2136 835 2239 Epist.
858 2139 901 2212 ad
919 2137 1166 2213 innocentium
1189 2143 1218 2216 l.
1249 2141 1379 2233 Papam
1433 2198 1437 2207 ,

161 2236 487 2423 tumulltu.
504 2229 757 2403 blllllll
771 2232 1382 2425 tlllllblllllllu

160 2425 336 2523 canseffum
361 2425 443 2524 effe,
475 2384 587 2523 nisque
608 2424 690 2498 uiltil
722 2427 845 2501 omuino
873 2429 947 2499 boni
985 2449 1079 2499 acere
1099 2423 1183 2522 poffe
1201 2425 1273 2520 stae
1296 2426 1381 2500 Deo.

160 2527 307 2599 Fatetur
330 2541 510 2632 praeterea
534 2516 749 2620 Augustinus
775 2520 821 2598 de
843 2523 940 2599 licere
954 2527 1048 2614 thus,
1074 2523 1132 2596 ubi
1157 2524 1288 2597 haeres.
1319 2528 1379 2602 88·
1431 2560 1438 2578 ·

162 2619 208 2695 de
231 2615 422 2716 Pelagianit
451 2618 547 2715 agit,
589 2641 651 2693 eor
672 2621 819 2716 gratiam
841 2604 1290 2696 internam'illuminantem
1315 2618 1383 2693 sta·

165 2734 276 2795 tuere.
310 2712 463 2790 Accedit
485 2709 658 2809 denique,
684 2715 795 2808 ipsum
819 2717 947 2815 ubique
972 2716 1166 2794 divortium
1191 2715 1381 2790 sententia·

165 2833 241 2886 rum
265 2811 300 2884 in
325 2833 370 2884 eo
395 2811 589 2897 collocare,
623 2831 655 2882 1.
678 2811 771 2906 quod
795 2811 968 2887 Catholici
992 2811 1138 2910 gratiam
1170 2813 1382 2906 agnoscant,

168 2930 256 3004 quae
278 2909 493 2980 voluntatem
524 2921 669 2992 movet,
710 2922 749 2976 et
777 2903 982 2982 charitatem
1013 2907 1189 2996 iufundit,
1230 2925 1268 2978 et
1309 2925 1399 2988 non,

166 3023 334 3092 tantum,
374 3023 459 3095 quae
481 2996 658 3094 scientiam
694 2997 856 3087 confert,
895 3025 998 3099 quam
1029 3003 1117 3076 dicit
1152 3001 1258 3077 etiam
1283 2999 1386 3075 influ-

165 3119 293 3181 τω.
326 3095 500 3169 Catholici
530 3093 568 3166 in
600 3091 762 3166 omnibus
803 3092 939 3170 actibus
968 3095 1193 3194 singularibus
1233 3098 1384 3195 gratiam

168 3211 375 3266 moventem
411 3189 559 3263 statuant
591 3188 824 3264 necellariam.
871 3193 925 3266 Ea
956 3216 1027 3302 quo
1062 3192 1295 3288 colligendum
1329 3192 1386 3270 vi·

95 3300 98 3304 ’
167 3287 294 3374 detur,
317 3283 491 3381 Pelagium
513 3283 659 3380 gratiam
685 3282 853 3361 admistffe
876 3286 1145 3378 illuminantem,
1170 3288 1253 3362 dein
1276 3313 1384 3387 gene·

168 3383 297 3469 ratem,
324 3403 410 3477 quae
436 3381 525 3455 vitet
541 3381 618 3468 dat,
644 3400 715 3453 non
733 3405 820 3479 quae
838 3380 1123 3484 lingulitadlibus
1146 3384 1289 3476 sufficit,
1315 3383 1387 3459 elle

167 3479 265 3556 enim
291 3477 471 3550 hominem
493 3474 536 3550 iit
568 3475 763 3571 praeditum
795 3475 950 3570 viribus,
994 3499 1033 3553 ut
1065 3481 1261 3557 intellectus
1292 3481 1385 3568 luci,

169 3575 230 3652 seu
259 3572 480 3669 cognitioni,
519 3569 675 3646 allionee
704 3571 855 3669 praestet
887 3573 1121 3653 conformet.
1150 3577 1234 3652 Nec
1268 3595 1387 3655 tamen

166 3673 257 3748 haec
285 3669 375 3743 adeo
400 3667 528 3765 liquida
552 3669 652 3754 sunt,
674 3688 754 3741 curn
780 3668 859 3745 alibi
885 3672 978 3748 uitta
1008 3674 1138 3772 Pelagii
1169 3674 1385 3759 interprete·

169 3789 227 3840 tur
251 3762 464 3860 Augustinus
488 3765 532 3836 de
553 3767 665 3859 gratia
685 3761 810 3857 'Cltristi
833 3788 865 3841 c.
892 3790 974 3855 tm,
1009 3768 1053 3842 de
1087 3771 1228 3842 taurina
1243 3764 1387 3862 somme

157 3861 365 3959 forinsecas,
398 3880 436 3934 et
469 3855 552 3932 ibid.
589 3882 621 3935 c.
659 3881 717 3952 37.
750 3860 877 3952 tradat,
919 3864 1096 3961 Pelagium
1132 3863 1191 3934 sub
1231 3868 1388 3959 atnlt‘gaa

164 3956 397 4055 generalitate,
429 3952 682 4054 quidsenserit,
715 3951 904 4050 abscondere
918 3957 1043 4056 silere,
1078 3975 1115 4030 et
1141 3957 1303 4056 nusquam
1328 3981 1389 4031 ex·

169 4051 284 4157 preue
310 4046 449 4146 dcere,
472 4050 623 4152 gratiam
639 4048 868 4222 Deiiitteme,
882 4075 1039 4140 mentem
1061 4050 1388 4227 umbraticam&

169 4179 175 4186 ·
767 4171 862 4249 zzg
1310 4174 1329 4222 e
1374 4167 1390 4226 l
