3008 4830
257 650 331 746 7¹⁶
406 690 410 698 ·
639 644 788 752 nstra
809 649 938 752 accus.
963 650 1081 756 tumst.

258 819 407 901 versiam
430 823 503 902 else
531 824 653 903 debet.
699 827 799 906 vid..
815 830 922 908 etiam
944 831 1129 908 Ltunoiut
1183 827 1290 906 .v1.
1320 820 1428 925 epist
1448 844 1480 915 ς.

260 938 309 993 ue
327 920 414 996 alior
428 944 632 997 memorem.
651 924 810 1022 Vigiliur
826 928 918 1024 Papa
933 947 1071 1004 nutum
1086 853 1205 1015 abess,
1225 920 1485 1007 utidfeciffet,

264 1031 308 1087 ut
328 1039 375 1092 ne
398 1017 539 1114 quidem
562 1017 740 1096 adsensum
762 1021 799 1096 in
822 1021 930 1098 initio
952 1027 1123 1121 praebere
1146 1021 1331 1111 voluerit,
1357 1037 1391 1091 ct
1407 1013 1487 1111 pos·

138 1112 144 1119 '
267 1129 327 1186 tea
351 1133 505 1202 tantum,
530 1113 571 1188 ad
596 1116 720 1192 multos
741 1113 943 1208 instantior,
974 1142 1021 1194 eo
1047 1121 1211 1209 venerit,
1245 1136 1285 1191 ut
1308 1111 1482 1188 consense-

266 1214 335 1299 rit,
360 1208 384 1281 sr
408 1232 454 1283 ex
485 1211 560 1307 pari
582 1210 792 1288 Latinorum
814 1235 857 1288 ac
882 1215 1096 1290 Graecorum
1120 1231 1271 1289 numero
1296 1229 1485 1304 compone·

265 1328 363 1386 tetur
387 1305 558 1400 Synodut.
609 1306 714 1407 Quod
739 1309 825 1383 licet
851 1309 891 1385 in
920 1309 1101 1408 principio
1134 1304 1352 1385 concesserit
1384 1306 1488 1400 lupe·

268 1423 383 1488 ηῑῡῐι
407 1400 526 1498 postea
550 1403 876 1497 tamen,.Graecir,
900 1407 962 1516 qui
985 1407 1132 1505 ingente
1155 1425 1307 1480 numero
1325 1399 1491 1506 aderant,

269 1497 579 1589 tumultuantibus,
602 1500 755 1577 mumvit
771 1502 1001 1594 sentenutm,
1024 1522 1086 1588 et,
1103 1499 1222 1576 invito
1239 1493 1404 1594 Vigilto,
1429 1496 1490 1593 sy·

268 1595 402 1672 nodum
426 1592 565 1668 indixit.
610 1594 804 1672 Praesident
832 1597 909 1695 egit
932 1620 1005 1673 noo
1028 1599 1140 1694 Papa,
1165 1595 1226 1695 qni
1252 1615 1301 1667 ne
1328 1589 1493 1667 interesse

270 1692 412 1792 quidem
447 1687 595 1796 voluit,
620 1688 705 1765 licet
741 1690 778 1766 ei
836 1690 1017 1767 taesrdium
1046 1692 1153 1767 suerit
1182 1692 1366 1779 oblatum,
1405 1686 1494 1796 teste

268 1715 1486 1961 rutilianus...

268 2003 355 2069 put,
378 1973 437 2049 sed
500 1974 777 2072 ierosolymitani
797 1978 926 2076 legati,
949 2002 1032 2055 cum
1056 1976 1198 2074 reliquis
1222 1975 1401 2065 Patribus,
1426 1999 1488 2050 nu·

268 2096 372 2152 mero
390 2077 471 2162 1⁶5·
518 2071 702 2171 Primasrut
722 2095 830 2165 vero,
845 2076 1018 2172 Byzacen.
1044 2072 1254 2172 provinciae
1271 2069 1487 2168 Episcopus,

269 2167 489 2270 illyriciani,
527 2165 656 2263 aliique
690 2168 810 2242 ltaliae
840 2168 1033 2267 Episcopi,
1066 2165 1234 2244 interess'e
1275 2166 1488 2245 recusarunt.

270 2267 404 2346 Habita
429 2261 656 2339 nibilominus
679 2261 731 2337 est
757 2267 973 2342 Orcumrnr'ca
994 2265 1178 2362 synodus,
1211 2261 1352 2362 qualem
1368 2261 1405 2337 se
1419 2261 1489 2360 ipsa

269 2365 391 2462 gessit,
415 2361 458 2433 ab
486 2357 567 2455 ipsis
590 2382 730 2456 quoque
756 2358 838 2437 dein
858 2361 1015 2452 lanais,
1039 2359 1222 2459 postquam
1245 2360 1416 2455 Paparum
1431 2360 1488 2433 ad·

270 2457 418 2536 ceffillet
442 2453 663 2550 adprobatio.

310 2555 346 2721 p.
372 2551 634 2624 CCLXXXIV.
668 2549 867 2625 Proximam
890 2570 928 2625 et
942 2551 1165 2649 praecipuam
1189 2549 1347 2640 causant,
1371 2569 1411 2622 et
1426 2571 1488 2621 oc·

267 2667 463 2732 ctionem,
489 2640 622 2740 Synodi
640 2641 816 2721 dederunt
831 2653 920 2739 tria,
942 2667 982 2722 ut
996 2648 1234 2745 adpellantur,
1258 2646 1426 2744 capitula,
1446 2665 1486 2719 ct

266 2764 386 2826 motus
418 2761 540 2814 eorum
571 2738 672 2813 causa
701 2742 785 2818 orti.
834 2746 923 2820 Sunt
953 2760 1068 2820 autem
1101 2742 1157 2817 illa
1186 2744 1342 2839 capitula
1363 2742 1486 2839 scripta

269 2837 454 2920 Theodori
470 2832 730 2928 Mopsuesteni,
756 2839 793 2911 T
794 2840 998 2930 hendoreti,
1025 2859 1064 2912 et
1079 2841 1163 2914 Ibae
1181 2837 1368 2929 Edeffeni,
1400 2860 1486 2936 quae

267 2941 312 3016 ad
346 2931 662 3013 Nestorianismum
694 2932 926 3010 censebantur
965 2934 1173 3032 pertinere,
1211 2955 1251 3007 et
1281 2935 1320 3009 ei
1354 2934 1486 3010 lavere.

264 3033 479 3143 Theodorus
502 3025 597 3103 enim
615 3029 693 3125 ejus
716 3031 893 3142 praelusor
910 3033 1125 3122 habebatur,
1152 3030 1408 3106 Theodoretus
1427 3053 1486 3128 pa·

264 3123 1304 3330 lss3⁰2l²l;.ll‘.l.ssl.⁰llsalbabltltllzllt
1330 3147 1488 3321 blla

267 3320 369 3398 etiam
395 3317 439 3385 de
465 3319 598 3414 Cyrrllo
621 3320 778 3404 locutus,
803 3336 841 3391 ut
867 3318 903 3392 in
923 3317 1064 3416 epistola
1089 3318 1131 3393 ad
1150 3317 1330 3391 Domuum
1353 3320 1486 3393 Antio·

265 3421 417 3494 chenum
441 3409 485 3480 de
513 3429 628 3485 morte
653 3414 772 3507 Cyrilli
799 3414 948 3510 scripta,
988 3435 1025 3488 et
1049 3415 1086 3489 in
1111 3414 1175 3489 hac
1202 3414 1349 3511 Synodo
1371 3415 1485 3508 tetta,

262 3517 342 3591 lbas
364 3505 512 3602 denique
535 3506 745 3596 Edesse'nus,
769 3509 807 3581 in
834 3508 934 3606 epist.
959 3511 1002 3583 ad
1024 3512 1146 3585 Marin
1169 3509 1327 3600 Persam,
1355 3512 1483 3586 Theo·

264 3611 387 3685 dorum
414 3599 509 3677 miris
534 3605 705 3675 extulerat
732 3603 903 3697 laudibus,
950 3605 1155 3681 Nestorium
1184 3605 1380 3704 praecipite
1402 3610 1480 3679 sen·-

264 3702 378 3782 tentia
401 3699 469 3773 else
489 3695 859 3804 damnatumndixerat,
885 3720 921 3774 et
937 3703 1103 3798 Cyrillum
1128 3704 1347 3777 accusaverat
1361 3703 1483 3798 Apol·

263 3797 441 3877 linarismi.
492 3792 612 3868 Exstat
642 3792 785 3885 epistola
816 3797 852 3870 in
878 3796 963 3870 attis
992 3801 1137 3872 concilii
1172 3800 1384 3875 Chalcedon.
1409 3798 1482 3873 ael.

264 3900 312 3977 X.
359 3892 428 3964 Sed
452 3910 574 3966 eornm
602 3889 859 3966 damnationem
888 3892 1082 3990 Julliniano
1112 3896 1276 3989 suggessit
1306 3897 1483 3970 Theodo-

265 4017 322 4067 rus
347 3987 597 4077 Caesareenns,
631 3989 816 4062 acerrimus
844 3991 1113 4087 Origenianismi
1140 4011 1325 4084 patronus,
1352 3993 1485 4090 duplici

262 4090 339 4165 usus
363 4101 566 4185 praetextu,
585 4085 712 4177 altero,
739 4105 778 4161 ut
803 4086 1030 4221 acephalos,
1047 4087 1173 4163 sellam
1198 4087 1484 4201 Eutychianarn‚

262 4230 269 4239 .
385 4232 388 4236 .
763 4226 782 4251 .·
829 4212 835 4220 ·
885 4252 888 4257 Ι
1451 4211 1489 4264 m
