3008 4830
487 702 492 715 ·
609 639 719 737 Sesti.
740 642 808 727 Vs
882 660 900 747 j
1250 663 1350 761 psr„

83 818 368 931 :regie-fauere,
399 842 547 929 mque
570 848 618 905 ex
640 848 686 903 eo
707 802 833 904 favore
859 821 1048 903 deturbare
1069 818 1188 924 posse,
1222 816 1323 895 vide·

101 950 213 1003 retur.
258 922 436 1000 Praestitit
458 946 597 1023 quoque
621 923 657 999 id
681 946 764 1000 cum
789 926 949 1015 Menna,
971 922 1171 1021 Patriascha
1196 916 1321 1022 etot,

103 1041 146 1098 ut
164 1041 278 1099 narrat
304 1019 489 1096 Liberatus
510 1022 549 1095 in
571 1022 733 1096 breviario
762 1042 795 1096 e.
822 1042 880 1116 23.
906 1039 945 1095 et
970 1018 1224 1116 Justiuianum,
1263 1027 1322 1108 qul
1401 1077 1405 1085 ,

88 1114 357 1194 'Ecclesiasticit
378 1119 480 1193 rebus
498 1115 568 1192 sese
583 1118 707 1192 lubens
720 1113 949 1208 immiscebat,
972 1135 1011 1189 et
1026 1113 1186 1189 haereses
1199 1128 1322 1209 prmu-

89 1213 508 1406 'audistin
522 1213 876 1386 ta‘adiun
902 1208 1095 1382 siis?
1123 1201 1323 1402 sissi:

102 1407 136 1482 la
157 1404 336 1502 encyclica
369 1405 413 1480 ad
437 1407 592 1502 quinque
629 1331 724 1480 otiis
754 1401 963 1484 Patriaschas
989 1403 1041 1479 est
1070 1359 1100 1477 a,
1122 1398 1320 1496 Justiniano

99 1502 220 1593 miffa,
244 1522 311 1597 qua
337 1501 400 1574 Oti
428 1499 503 1575 enis
526 1522 663 1575 errores
685 1501 918 1588 exhibentur,
942 1517 981 1573 et
997 1497 1221 1572 anathemate
1239 1514 1320 1592 pet·

95 1597 298 1673 -eutiuntun
349 1596 418 1670 Exi
453 1616 467 1668 t
500 1596 538 1670 in
569 1595 762 1671 Annalibus
792 1593 934 1670 Batonii
973 1598 1004 1669 a.
1036 1602 1120 1687 538.
1171 1593 1320 1688 Jubetus

56 1742 60 1749 ,
151 1717 232 1781 rto,
258 1709 297 1765 ut
323 1713 446 1765 omnes
467 1691 680 1766 anathemati
705 1688 941 1778 subscribant,
984 1710 1050 1765 nec
1072 1688 1213 1788 aliquis,
1254 1681 1320 1758 nisi

127 1811 172 1863 oc
192 1786 308 1879 facto,
351 1784 529 1861 ordinetur
554 1786 766 1885 Episcopus,
805 1805 865 1862 aut
895 1787 1139 1883 Hegumenus.
1187 1786 1317 1879 Aquo

103 1905 267 1979 tempore
298 1882 430 1958 infame
461 1881 588 1956 factum
616 1882 669 1957 est
691 1884 858 1981 origenis
886 1902 1038 1972 nomeu,
1077 1900 1181 1958 antea
1206 1896 1322 1971 tanto·

103 2003 190 2078 pere
213 1980 397 2055 laudatum.
447 1978 622 2053 Monachi
644 2002 733 2055 vero
758 2002 838 2054 cum
862 1977 934 2052 hoc
959 1979 1142 2075 triumpho
1165 1973 1317 2067 reuersi,

100 2078 263 2166 aPetro,
289 2071 615 2172 Hierosolymitauo
630 2075 852 2163 Patriarcha,
877 2071 1008 2168 adjuti,
1036 2074 1320 2170 origenistarum

99 2171 199 2247 vires
223 2172 261 2247 in
283 2169 471 2256 Palaestina
493 2170 634 2268 penitus
657 2171 859 2267 fregerunt,
893 2168 1021 2264 eosque
1052 2171 1181 2266 ubique
1206 2193 1317 2267 expu-

102 2269 238 2342 lerunt:
256 2288 288 2342 a.
306 2289 411 2362 543„
436 2266 597 2363 exeeptis
612 2289 727 2342 novae
744 2267 900 2356 Laurae,
924 2267 983 2360 qui
998 2262 1166 2362 deinceps
1180 2289 1211 2342 a.
1230 2286 1314 2358 554,

102 2363 361 2440 Monasterium
384 2360 611 2436 deseruerunt
632 2358 782 2445 consti„

101 2489 105 2496 ·
150 2457 183 2556 s.
207 2458 504 2534 CCLXXXVIII.
536 2458 636 2531 Haec
660 2482 741 2534 cum
767 2458 854 2536 esset
880 2480 945 2555 per
968 2457 1097 2533 zelotas
1122 2454 1229 2537 facies
1246 2454 1314 2535 Ec-

100 2555 223 2630 clesiae
248 2553 355 2629 tristis
377 2570 415 2627 et
442 2554 657 2645 turbulenta,
731 2555 860 2644 nodus,
885 2557 1066 2651 vulgatum
1095 2557 1178 2632 iilud
1198 2558 1316 2634 litium

99 2652 235 2727 scilicet
267 2648 517 2737 finiendarum,
558 2649 617 2721 vel
651 2649 686 2723 fa
726 2648 817 2724 'onis
847 2651 1057 2739 firmandae,
1098 2654 1315 2747 remedium,

97 2762 296 2822 convocata
318 2740 390 2834 est,
428 2763 468 2818 ut
499 2761 537 2818 et
570 2742 633 2818 tria
657 2743 831 2841 capitula,
872 2764 911 2820 et
934 2746 1101 2841 origenis
1126 2749 1311 2843 dogmata,

96 2866 167 2919 non
195 2861 267 2916 tam
290 2837 588 2931 examinarentur,
613 2863 734 2937 quam,
766 2838 825 2937 qui
847 2840 1070 2937 synodorum
1092 2842 1212 2938 pasiim
1236 2868 1313 2920 mot

92 2941 184 3029 suit,
213 2936 551 3026 condemnarentur3
582 2935 672 3010 stcut
696 2934 827 3011 fastum
851 2936 922 3028 est,
953 2956 993 3010 ut
1017 2939 1109 3023 ada,
1148 2937 1192 3015 ad
1222 2963 1312 3035 quae

91 3057 223 3135 pergo,
263 3031 451 3106 docebunt.
499 3033 542 3104 In
564 3031 801 3143 congressibus
836 3034 1193 3132 ante-synodalibus,
1235 3033 1309 3110 tire

91 3152 175 3208 ante
207 3127 315 3202 trium
348 3127 578 3225 capitulorum
612 3127 882 3220 dsscuffionem,
919 3128 1048 3203 habitis
1079 3151 1162 3205 ante
1189 3132 1308 3210 Meus.

90 3227 181 3324 Maj.
214 3246 243 3302 a.
270 3246 355 3320 553.
389 3222 538 3321 (synodi
570 3223 667 3299 enim
701 3223 777 3298 dies
810 3223 881 3299 suit
915 3222 1068 3300 indisius
1100 3226 1168 3303 IV.
1202 3227 1305 3305 Nom

91 3317 202 3421 Maji)
234 3319 406 3418 Origenis
436 3320 601 3417 dogmata
630 3344 711 3394 cum
744 3320 822 3394 iso
857 3339 981 3396 autore
1014 3322 1093 3395 sunt
1124 3321 1306 3413 damnata,

88 3416 299 3494 vel-reiiius
321 3414 499 3492 damnatio
517 3418 589 3513 jam
615 3436 696 3491 aute
721 3414 754 3489 fa
821 3439 936 3506 ,cum
963 3414 1132 3513 epistolae
1154 3418 1304 3514 encycli-

86 3509 356 3612 cae-Justiniani
379 3509 664 3607 subscripserunt,
688 3513 878 3587 solenniter
901 3509 955 3587 est
980 3515 1194 3590 confirmatas
1242 3509 1305 3588 Li·

85 3628 166 3703 eet,
192 3630 318 3705 numa.
344 3629 428 3698 552.
453 3607 534 3698 fin,
560 3633 614 3681 an.
641 3629 723 3703 553.
750 3609 851 3699 init,
874 3606 911 3683 id
937 3607 1045 3686 fuerit
1067 3608 1302 3696 tautumm-

84 3712 223 3784 cer'tum
244 3705 299 3780 stt.
345 3701 539 3801 Origenem
575 3704 642 3778 hac
674 3703 710 3778 iu
740 3705 886 3800 synodo
917 3703 1019 3783 fuisse
1041 3699 1301 3800 proscriptum,

84 3818 229 3876 et-ante
256 3799 321 3875 tria
337 3821 378 3874 ea
402 3799 505 3888 itula,
529 3799 759 3875 dubitandum
778 3822 847 3875 non
870 3798 1019 3878 videtur.
1068 3798 1177 3888 vid,
1200 3821 1302 3897 prae·

84 3908 142 3971 t'er
172 3894 343 3971 Hostium
419 3894 514 3991 igen.
540 3895 563 3966 1.
590 3895 659 3983 ΙΙ.,
686 3895 843 3971 Norisrut
866 3896 889 3972 t
914 3900 975 3971 cit.
1001 3918 1031 3970 c.
1058 3899 1092 3970 6.
1140 3894 1303 3972 Audien-

83 3990 150 4068 dus
170 3993 287 4089 itaque
321 4012 394 4066 non
429 3987 481 4061 est
513 3990 672 4064 Valesius
702 3990 743 4063 ad
778 3993 904 4088 Evagr.
937 3991 987 4066 H.
1013 3989 1084 4067 IV:
1110 3999 1190 4087 38„
1237 3988 1299 4102 qui

84 4087 148 4164 Ori
195 4086 250 4161 nis
275 4085 538 4169 damnationem
567 4106 660 4164 auno
692 4093 776 4182 538.
811 4083 973 4182 admitit,
1014 4089 1073 4168 cui
1110 4089 1301 4165 Garnerrus

89 4196 93 4201 ⁵
153 4183 307 4262 dm.IV.
654 4180 787 4283 Yyyy
1164 4179 1304 4279 diffini

1303 4557 1306 4561 s
1350 4284 1433 4530 Δ
