3074 4838
1001 488 1011 531 i

74 768 78 772 ,
172 666 253 776 cor*
562 656 1005 784 adumbratorum.

175 848 384 972 praepotens,
428 866 555 955 tribue,
599 854 636 937 ut
663 858 743 939 ciro
766 860 908 954 uacuus,
945 868 979 937 et
1022 856 1121 935 idcir
1147 856 1263 954 iiber,
1286 858 1401 933 nm&

136 988 140 998 ·
183 974 267 1061 tibi,
286 966 376 1059 ficut
402 963 574 1049 debentur,
597 965 771 1057 praeconia
788 961 923 1034 mundus
937 880 1108 1057 coffinum.
1158 960 1214 1034 De
1228 961 1403 1036 reteroda-

182 1069 308 1141 bentem
335 1066 369 1132 in
401 1056 470 1145 Te,¹
496 1056 569 1153 'post
595 1056 721 1147 Deum,
748 1054 908 1153 fiduciata
930 1074 990 1129 noo
1013 1055 1199 1152 relinquas,
1229 1071 1281 1144 et,·
1308 1072 1401 1147 quen

42 1222 46 1229 .
180 1157 348 1252 religionis
373 1152 482 1227 tituiis
502 1149 700 1249 infiguiisti,
724 1149 951 1248 reiigiofiorurr
974 1155 1010 1223 in
1025 1153 1170 1225 diriuora
1192 1144 1397 1247 repromifflo·

183 1278 256 1332 uem
280 1249 372 1325 redde
399 1250 601 1344 participem.
650 1250 833 1333 Praeterea
860 1244 1072 1345 ir'topuscu'io
1093 1249 1148 1322 V.
1173 1244 1396 1340 Euc'icuriiiicr

157 1352 233 1427 'dc'
250 1351 322 1425 rita
348 1342 437 1443 sua:
472 1345 565 1419 inter
588 1344 652 1421 aiio
677 1342 784 1418 dicit:
819 1347 1039 1418 comitor-me
1062 1345 1230 1417 od'Beuti
1263 1342 1398 1417 Vidorir

181 1445 340 1540 martyris
364 1435 527 1538 praefidia
549 1438 747 1537 munsteri,
764 1454 797 1511 ct
821 1458 908 1533 opens
921 1436 1097 1536 sortifflcni
1120 1456 1298 1536 precatus,
1331 1439 1399 1510 Deo

178 1561 239 1640 per
264 1537 366 1634 ipsum
390 1559 462 1609 cunc
492 1538 647 1630 lacrymis
670 1536 844 1631 alleganda
872 1537 1021 1630 comonist.
1110 1539 1209 1609 uibus
1230 1555 1404 1608 memora·

128 1660 131 1664 ’
185 1637 254 1726 tis,
279 1632 477 1731 subjungit,
510 1633 588 1705 baec
612 1646 643 1702 ct
668 1635 738 1704 alia
758 1634 877 1724 plura,
902 1631 991 1727 stent
1012 1650 1092 1726 prae
1111 1648 1188 1704 atus
1206 1629 1306 1727 sum,
1342 1648 1400 1724 per

41 1780 50 1797 .
181 1731 295 1832 saliem
308 1721 584 1826 probotefflmum,
610 1731 737 1800 beatum
757 1728 934 1826 Viiiorern,
961 1725 1324 1825 intimandasuggeffi:
1348 1744 1403 1798 net

180 1831 308 1925 requies
340 1845 396 1896 nec
423 1844 512 1894 moru
530 1823 732 1916 procuranda
757 1823 914 1913 ientooit,
950 1827 1133 1919 petitionem
1165 1840 1273 1896 meam
1290 1822 1400 1918 susce·

34 1936 37 1942 '
176 1929 252 2020 pit,
276 1918 466 2015 replicarit,
493 1920 644 1992 obtinuit.
691 1917 875 1991 Addantur
891 1916 977 1994 festa
1002 1937 1038 1992 et
1056 1919 1207 2014 Templa
1226 1919 1264 1992 in
1279 1938 1396 1991 eorum

180 2021 392 2094 honorem.'
419 2011 506 2088 Vid.
532 2012 636 2087 etiam
654 2014 864 2088 Fortunatus
879 2015 986 2090 variis
1015 2012 1052 2088 in
1084 2014 1319 2105 carminibus,
1361 2027 1395 2082 ut

174 2111 217 2192 in
240 2112 316 2188 vita
343 2105 502 2183 Martini.
551 2109 657 2204 Cujus
682 2107 840 2203 precatio
866 2112 907 2186 ad
937 2110 1132 2186 Martinam
1164 2111 1227 2184 vix
1254 2111 1396 2184 modum

181 2228 282 2287 tenet
307 2205 367 2280 lib.
394 2206 462 2281 IV.
485 2203 603 2278 versus
627 2203 755 2278 finem:
782 2203 863 2299 ubi,
886 2208 980 2281 inter
1005 2208 1073 2281 alia
1093 2208 1223 2299 multa,
1248 2207 1347 2281 dicit.
1385 2294 1389 2299 ¹

321 2396 508 2485 intercede,
540 2411 648 2489 precor
674 2394 819 2487 reniam,
844 2398 896 2471 uir
918 2397 1029 2491 adepte
1053 2421 1199 2474 anonam

375 2496 475 2588 Eripe
495 2490 606 2587 postor
629 2517 715 2567 orem
735 2517 773 2567 rte
795 2494 916 2566 clauda·
934 2496 985 2565 nei
1010 2509 1125 2568 extera
1148 2493 1271 2585 restat,

323 2591 461 2678 Porrige
481 2590 560 2680 celse
583 2613 736 2678 mantem,
759 2612 834 2683 rege
858 2587 1014 2683 graffum,
1040 2593 1144 2684 dirige
1162 2590 1295 2689 sensatur

367 2684 460 2755 inter
482 2697 515 2754 et
541 2678 608 2778 ipse
630 2682 739 2759 Deum
764 2702 859 2781 utque
889 2708 977 2758 renen
1007 2688 1164 2760 mediator
1189 2683 1293 2784 adesto
1317 2699 1391 2758 etc.

216 2879 261 3052 si.
289 2873 464 2954 CCXLV.
499 2875 656 2975 Corpora
687 2875 905 2968 sanitatum,
936 2899 1130 3045 eorumt‘pue
1147 2874 1330 2973 reliquias,
1356 2874 1400 2951 ad

173 2980 213 3059 in
229 2976 342 3051 aniam
375 2969 487 3068 usque.
510 2973 748 3061 honorarunt,
793 2990 954 3068 tanquam
982 2996 1063 3070 prae
1079 2975 1147 3045 rdia
1182 2973 1320 3063 salutis,
1360 2991 1397 3045 et

166 3072 289 3151 'causas
319 3066 537 3143 sanationum
563 3090 605 3142 ac
630 3068 886 3143 miraculorum.
938 3072 980 3142 In
1017 3070 1138 3164 quibus
1170 3068 1397 3143 recensendis

172 3164 333 3263 copiosus
359 3160 427 3237 est⁹
447 3161 639 3259 Gregorius
665 3166 721 3239 M.
756 3164 793 3237 in
825 3164 921 3255 iibris
956 3163 1195 3261 Dialogorum.
1259 3166 1394 3240 Neca

53 3274 56 3279 “
172 3286 267 3339 voce
284 3261 482 3334 adorationis
499 3259 750 3334 abstinuerunt.
780 3258 840 3332 Sic
856 3260 1080 3357 Aphrodissi,
1101 3258 1245 3352 infignis
1262 3263 1394 3334 Mona·

159 3360 251 3443 ⁴chi,
285 3356 416 3448 legitur
443 3357 593 3429 celebris
616 3355 674 3429 iiie
692 3358 812 3442 Sabae,
837 3356 875 3428 in
904 3362 971 3430 nita
995 3360 1067 3451 ejus
1092 3354 1125 3452 s.
1149 3357 1286 3430 XLIV.
1313 3380 1392 3430 cor·

156 3479 234 3557 ,pua
250 3447 466 3548 sepelivisse,
492 3450 588 3524 adeo·
608 3470 648 3526 ut
666 3450 890 3547 sequentibus
913 3452 1130 3546 temporibus
1151 3453 1388 3546 cognoscere·

273 3564 383 3714 tut
407 3547 602 3714 citeron
625 3545 841 3714 ‘statos
855 3549 1389 3717 dioecesaneus·

70 3734 74 3739 ’
152 3665 413 3833 ,iraedefrindii
430 3730 666 3833 descendisse,
690 3755 727 3808 ut
751 3739 853 3810 diuini
868 3738 961 3832 senis
976 3698 1088 3832 ’corpus
1105 3743 1261 3813 odoraret.
1312 3737 1386 3811 Sed

164 3858 241 3919 voa
267 3856 309 3906 ea
322 3832 483 3906 latiorem
501 3829 658 3906 admittit
687 3830 842 3923 senium,
874 3854 912 3907 et
946 3835 1158 3933 profundam
1192 3832 1393 3910 veneratio·

166 3956 251 4015 nem
284 3929 449 4026 denotat:
483 3928 535 4003 uti
572 3927 658 4003 ibid.
692 3927 729 4001 in
762 3929 837 4002 vita
869 3933 978 4005 Sabae
1014 3931 1046 4030 s.
1072 3932 1134 4003 LI.
1171 3933 1276 4008 Sabas
1310 3929 1395 4004 dicit

147 4022 364 4127 jInperatori
390 4020 586 4113 Anastasio,
601 4068 603 4073 ·
620 4025 656 4113 se
679 4022 721 4097 id
750 4048 830 4097 eum
861 4026 1015 4117 venisse,
1050 4043 1092 4097 ut
1109 4033 1246 4121 pietatis
1268 4026 1389 4123 resitue

143 4123 304 4242 :rodigio
329 4119 478 4218 adorem,
509 4122 558 4201 fi'e
584 4138 622 4201 ‘et
639 4117 1015 4245 buLXigsVInSrbat
1036 4121 1175 4221 iegitur
1199 4126 1294 4300 Ἧι
1319 4126 1398 4294 lose

190 4278 193 4283 ·
251 4248 281 4285 ’τ
635 4248 655 4267 ··
694 4244 807 4295 :2⁸:-
1282 4241 1342 4294 010
1394 4288 1397 4293 .
