3074 4838
669 638 777 721 secat
802 636 872 751 Ψ.
1293 634 1371 731 dds

72 776 437 957 §tu’moqeimt
457 817 570 913 Ario,
595 810 711 923 quod,
735 822 862 901 Filium
877 844 951 899 nou
968 844 1014 900 ex
1031 804 1217 903 substantia
1231 822 1365 937 Patritj

114 907 258 986 ede
287 915 402 989 nrhrlo
437 915 509 993 effe
542 940 723 1014 creatum,
770 923 927 1020 adeoque
967 922 1063 997 Patri
1098 942 1166 997 nec
1199 939 1362 999 coaeter·

84 994 244 1155 ἓῑῑω,
269 1031 338 1085 uec
350 1015 549 1107 aequalem,
573 1016 735 1109 dixill'et,
759 1042 840 1094 cum
858 1018 922 1114 ipli
940 1037 1126 1112 urgerent,
1143 1019 1273 1095 Filium
1288 1016 1361 1095 ell'e

145 1104 236 1179 aui
256 1112 390 1205 iponem
412 1119 466 1184 mal
478 1118 622 1190 ema‘ldtm
647 1114 949 1212 consubstantialem
964 1129 995 1186 ct
1012 1132 1236 1206 coaeternam
1258 1116 1361 1215 prae·

100 1190 260 1312 terea,
291 1209 412 1281 utrum
434 1208 500 1282 turs
522 1216 563 1284 aa
591 1213 825 1286 Alexandrum
853 1210 999 1299 ueram,
1042 1211 1184 1307 et'ipse
1206 1212 1246 1285 tn
1262 1212 1367 1311 prm·

107 1290 241 1389 e11110
263 1300 476 1391 senteutiam
506 1304 708 1383 declinasset
734 1308 876 1401 dicere,
912 1304 1040 1400 cuique
1066 1306 1185 1381 relidla
1216 1306 1361 1389 libertu-

113 1384 201 1483 te,
225 1394 285 1472 sed
310 1397 415 1489 dein,
440 1401 543 1474 Clero
560 1404 729 1492 instante,
756 1424 791 1475 et
808 1396 952 1498 Synodo
966 1398 1109 1493 coatia,
1135 1400 1260 1476 dubius
1276 1403 1367 1491 uinea·

119 1466 256 1581 siffet',
280 1493 452 1587 cuipatti
473 1501 679 1592 accederet,
704 1490 826 1574 vicisse
851 1497 993 1572 tandem
1016 1495 1097 1572 Arii
1123 1494 1359 1577 adversarios:

126 1580 235 1661 unde
257 1608 376 1663 mutua
398 1593 516 1665 exorti
543 1595 631 1670 sunt.
1357 1596 1365 1609 '

191 1680 223 1781 A.
248 1686 404 1759 CCLXl.
430 1688 607 1787 Quicquid
636 1691 681 1765 de
708 1688 850 1785 origiue
867 1687 981 1763 litium
1005 1686 1068 1780 stt,
1093 1686 1176 1765 illud
1199 1682 1368 1779 constat,

118 1779 280 1873 mimam
304 1780 542 1875 quaestionem
568 1810 641 1861 non
665 1786 711 1858 de
727 1784 935 1880 aequalitate
959 1802 1099 1859 naturae
1121 1785 1159 1861 in
1185 1787 1289 1860 Patre
1319 1798 1370 1857 et?

137 1870 235 1981 -l'ilio
259 1876 363 1951 soille
389 1879 484 1952 inter
506 1882 635 1955 Arium
658 1901 694 1956 et
717 1879 974 1968 Alexandrum,
1000 1879 1058 1953 sed
1085 1882 1130 1956 de
1155 1879 1369 1980 generatio-¹

142 1982 201 2077 uu
223 1972 350 2062 modo,
377 1974 465 2048 sitne
482 1978 591 2050 Filius
609 2000 655 2052 ex
677 1996 799 2050 natura
817 1973 945 2066 Patris,
969 1998 1014 2049 an
1042 1992 1087 2049 ex
1112 1999 1185 2050 non
1201 1974 1370 2051 existen-³

154 2067 255 2157 unus,
277 2086 339 2144 aut
362 2069 495 2163 nihilo,
527 2070 743 2168 produdlu's?
776 2069 869 2145 unde
895 2092 980 2145 mox
1003 2071 1109 2145 altera
1135 2067 1186 2144 est
1210 2090 1289 2146 nata
1313 2071 1369 2167 dd

150 2180 263 2239 natura
289 2162 394 2255 Filii,
416 2165 506 2240 sr'tne
530 2169 660 2260 Patris,
683 2192 728 2245 au
746 2184 943 2257 creaturae,
970 2167 1007 2240 in
1034 2167 1138 2263 ipso?
1165 2184 1201 2239 et
1220 2165 1267 2239 stc
1282 2168 1371 2243 tan·'

145 2256 240 2350 dem,
263 2258 420 2335 fueritne
434 2264 551 2339 ,Filius
569 2265 706 2364 semper
727 2264 789 2353 in,
816 2281 855 2335 et
879 2286 981 2354 cum,
1008 2264 1130 2353 Patre,
1154 2284 1197 2336 au
1215 2261 1277 2335 hic
1295 2263 1370 2336 illo·

146 2355 272 2450 prior?
304 2357 437 2434 Socrat.
469 2359 521 2435 H.
546 2363 576 2435 I:
609 2384 645 2452 5,
672 2364 706 2436 6.
743 2356 965 2432 Theodoret.
998 2358 1049 2432 H.
1080 2360 1109 2433 1:
1135 2379 1171 2448 4,
1198 2378 1232 2447 5.
1281 2360 1371 2431 ltno’

144 2450 344 2529 Alexander
363 2452 403 2527 in
428 2454 526 2551 epist.
550 2459 644 2554 apud
670 2454 891 2530 Theodoret.
916 2454 939 2527 l.
963 2474 995 2527 c.
1020 2451 1161 2543 statuit,
1194 2450 1276 2526 Filii
1299 2472 1361 2526 na·

144 2564 254 2623 tutam
280 2546 352 2621 else
376 2554 630 2645 medioxumam,
654 2553 751 2626 inter
774 2553 913 2626 Patrem
938 2564 977 2622 et
1001 2547 1148 2648 reliquae
1164 2554 1371 2640 creaturas,²

146 2644 304 2743 adeoque
328 2644 373 2720 de
387 2647 544 2743 persedla
567 2646 799 2749 aequalitate,
824 2670 912 2745 quae
928 2645 1022 2719 Patri
1039 2648 1167 2721 nullam
1191 2645 1361 2743 relinquit

146 2738 447 2839 praerogativam,
471 2743 629 2839 quaestio
644 2743 739 2819 inter
754 2767 817 2818 eos
832 2766 903 2818 non
929 2739 1017 2832 fuit,
1043 2742 1122 2833 sed,
1141 2765 1226 2816 num
1253 2742 1362 2818 Filius

147 2857 188 2911 ex
215 2834 329 2915 Patris
350 2837 516 2929 essentia,
547 2864 591 2915 an
620 2861 691 2914 nou
717 2839 874 2929 entibus,
907 2837 1036 2911 habeat
1060 2856 1234 2925 naturam,
1262 2858 1362 2910 num·

148 2952 212 3029 que
239 2934 345 3009 Pater
377 2957 528 3033 unquam
561 2935 670 3010 fuerit
710 2933 781 3009 srne
813 2936 898 3031 alyn
921 2935 1044 3007 uerbo?
1076 2932 1275 3007 Alexander
1308 2951 1361 3006 te·

148 3027 246 3118 uuit,
286 3028 378 3125 logum
413 3030 551 3129 semper
572 3031 674 3105 suiffe
699 3031 737 3104 in
763 3031 889 3120 Patre,
922 3046 959 3101 et
984 3048 1028 3099 ex
1053 3027 1127 3137 ipsa
1152 3029 1226 3124 ejus
1251 3024 1364 3103 effen·

146 3118 399 3221 tiasqeuitum,
440 3146 479 3201 et
511 3150 583 3202 nou
615 3127 723 3201 libera
756 3126 938 3198 voluntate
971 3142 1017 3195 ex
1045 3122 1159 3196 nihilo
1189 3138 1358 3201 creatum.

148 3218 392 3299 conveniebat
416 3221 596 3298 intereos
621 3246 652 3298 1.
675 3220 818 3300 eandem
837 3242 985 3307 nuntero,
1011 3234 1051 3291 ut
1075 3216 1224 3309 dieitur,
1249 3216 1362 3295 effen·

150 3310 227 3397 lium
248 3338 329 3393 uon
350 3317 420 3393 effe
444 3319 482 3393 in
509 3321 610 3394 Patre
632 3338 671 3393 et
693 3317 785 3394 Filio
809 3319 945 3415 genito.
998 3335 1031 3388 a.
1055 3313 1140 3389 Nec
1166 3314 1360 3428 persediarn

144 3408 213 3489 effe
233 3412 347 3489 Patris
368 3435 410 3488 ac
433 3415 516 3488 Filii
538 3414 803 3513 aequalitatem,
830 3414 901 3490 effe
924 3410 1021 3488 enim
1038 3411 1139 3486 Patre
1164 3435 1202 3485 nn
1220 3436 1265 3486 eo
1283 3429 1360 3487 tan·

143 3522 215 3583 nm
248 3506 480 3602 inferiorem,
522 3511 615 3609 quod
645 3516 809 3607 ingenitus
840 3532 911 3585 non
944 3506 1005 3583 est.
1060 3530 1092 3601 3.
1119 3507 1247 3581 Filium
1277 3526 1360 3582 aute

141 3604 413 3699 generationem
440 3628 512 3681 non
543 3606 698 3682 nabuiffe
728 3604 945 3705 personalem
978 3621 1016 3676 et
1047 3600 1244 3677 distindiam
1261 3607 1363 3705 ὅπως·

144 3702 187 3793 ᾧ
197 3698 457 3873 Ῑηὸβέίαηιὶωη.
481 3712 484 3717 ’
508 3702 649 3776 Censuit
674 3726 762 3777 veto
778 3703 976 3777 Alexander
992 3699 1084 3799 λόγον
1105 3701 1236 3775 verdum
1253 3724 1374 3780 coex··

146 3795 269 3881 uiuue
312 3798 380 3875 atti
398 3797 509 3875 modo
521 3797 704 3896 ingenito,
747 3796 966 3872 Theodoret.
992 3798 1020 3872 l:
1046 3810 1105 3888 5.'·,
1131 3796 1212 3893 quia
1247 3798 1376 3874 sermo·

145 3892 224 4005 ejus
249 3911 325 3969 etat
345 3891 544 3991 essentialis,
584 3895 721 3971 Socrat.
748 3892 777 3966 1:
803 3900 837 3969 6.
863 3893 1016 4063 denipue
1040 3914 1077 3983 4.
1100 3914 1184 4003 earn
1214 3898 1375 3991 genera·'

145 4004 286 4069 tionem
317 4010 388 4066 non
418 3990 490 4067 effe
520 3989 615 4066 Patri
647 4008 871 4066 coaeternam
902 3988 1071 4064 abolute.
1119 3987 1203 4062 Fuit
1226 4006 1364 4065 tantum

140 4082 190 4165 de
204 4083 296 4161 modo
308 4087 554 4180 generationis
570 4083 822 4166 controversia.
848 4083 1049 4171 Alexander
1064 4080 1177 4183 dixit,
1201 4080 1368 4159 eameffe
1420 4170 1423 4175 ‚

159 4179 281 4267 „Tm
300 4181 373 4267 JV.
728 4180 769 4261 N
777 4202 802 4263 u
1059 4186 1062 4193 '
1213 4172 1368 4281 tellonis
