3074 4838
180 700 253 794 384
571 675 722 778 Historia
743 671 875 777 Ecclefi
900 670 1018 777 cirisi.
1083 770 1090 783 ἱ

186 869 279 944 tion.
308 855 435 939 Canilil
469 857 670 955 reperitur,
709 850 873 947 iuml,
914 864 993 931 nec'
1007 850 1131 929 etiam·
1147 846 1418 930 historiarum

191 961 371 1047 Theclae,
402 954 490 1030 Vid.
517 973 655 1050 praeter
680 955 765 1033 alios
790 950 974 1050 Basnagius
998 950 1042 1024 ad
1065 946 1178 1025 Canis.
1204 950 1224 1024 l.
1252 973 1284 1027 c.
1312 949 1422 1024 Celei·

193 1058 267 1136 bris
285 1073 425 1153 quoque
443 1048 532 1140 fuit,
560 1049 765 1123 Theodosio
783 1049 864 1145 Jun.
882 1069 920 1122 et
936 1045 1124 1122 Marciano
1141 1044 1425 1142 superantibus,-

193 1156 313 1240 Nilus,
352 1142 591 1243 Chrysostomi
617 1143 824 1242 discipulus,
864 1142 921 1218 vir
943 1141 1089 1232 nobilis,
1131 1162 1169 1216 et
1192 1139 1429 1239 praeseliium

195 1248 300 1325 CPol.
326 1239 487 1329 illustris3
528 1242 605 1339 qui,
639 1242 716 1315 vita
738 1239 882 1314 seculari
913 1237 1115 1334 repudiata,
1156 1258 1266 1313 uxore
1288 1234 1420 1317 reli&

194 1367 278 1423 cum
303 1339 401 1427 filio,
424 1336 663 1413 Monasticam
686 1336 814 1425 vitam,
838 1358 918 1410 curn
934 1333 1004 1409 alio
1019 1330 1079 1406 suo
1096 1331 1191 1422 filio,
1215 1332 1350 1431 elegit,
1376 1348 1422 1413 et·

195 1440 239 1518 ad
266 1434 463 1511 Monachos
488 1431 690 1508 Nitrienses
713 1431 902 1520 concessit,
925 1430 1024 1526 cujus
1046 1427 1227 1525 supersunt
1244 1428 1419 1528 quaedam

197 1530 397 1634 Epistulae,
435 1553 457 1602 a
479 1530 601 1601 Leone
625 1527 758 1601 Allatio
788 1525 924 1616 editae,
963 1546 1128 1599 necnon
1160 1527 1225 1600 alia
1250 1525 1419 1622 opusculo

196 1629 384 1710 maximam
409 1642 547 1722 partem
573 1622 741 1713 ascetica‚
780 1644 800 1693 a
823 1622 992 1695 Suarezio
1018 1619 1217 1715 publicata,
1234 1698 1238 1702 ,
1258 1638 1297 1695 et
1322 1613 1418 1713 aliis,

198 1727 288 1807 vid.
321 1739 461 1821 praeter
490 1719 740 1817 martyrologia
773 1715 817 1790 de
849 1718 930 1812 Ipso
961 1714 1059 1790 Nice
1087 1717 1193 1791 horus
1226 1716 1287 1796 H..
1303 1716 1416 1793 x1v=

139 1945 149 1965 ,
197 1839 328 1996 {atu
351 1812 679 1986 :uetusto
710 1814 789 1985 lu
805 1811 959 1984 Plu
988 1740 1276 1983 uiuri?
1296 1810 1420 1985 lu

200 2004 443 2110 Chrysostomi
469 2005 675 2104 discipulus,
701 2005 752 2080 ita
773 2004 847 2100 ejus
872 2003 1031 2081 eximius,
1047 2004 1257 2096 admirator,
1274 1962 1326 2080 ’ac
1341 2006 1416 2080 lau·

200 2109 323 2198 dator,
365 2102 455 2178 fidus
477 2126 618 2199 quoque
652 2100 828 2188 imitator,
867 2098 927 2197 qui
949 2101 1023 2196 ejus
1052 2098 1244 2198 imaginem
1268 2100 1306 2176 in
1330 2101 1421 2176 doc·

135 2205 140 2215 '
203 2207 314 2292 trina,
340 2199 438 2288 vita,
469 2198 711 2294 moribusque,
745 2194 853 2270 etiam
878 2195 1037 2270 censoria
1060 2195 1224 2270 libertate
1249 2195 1288 2274 in
1313 2196 1421 2274 vitiis

202 2301 514 2402 qualiumcunque,
539 2293 692 2390 ipsorum
717 2289 938 2389 Principum,
963 2314 1008 2364 ne
1025 2293 1066 2364 In
1095 2311 1233 2366 eratore
1256 2292 1420 2370 Arcadio

203 2413 378 2570 unu
396 2313 1420 2581 ‘³ur}”allianum“subistista

375 2541 386 2577 ‚
865 2539 874 2556 ,
982 2531 986 2539 .
1406 2524 1422 2545 .

202 2607 240 2664 ta
264 2585 307 2660 ad
330 2581 441 2658 vitam
463 2581 648 2670 devotam,
683 2579 722 2653 in
761 2578 884 2674 primis
902 2506 1157 2670 Monosticam,
1191 2581 1262 2656 rite
1282 2581 1329 2656 de
1374 2510 1425 2656 is

201 2685 284 2760 dam
300 2676 485 2752 utiliffima.
517 2675 621 2750 Circa
636 2693 794 2748 extrema
809 2672 937 2766 seculi,
955 2671 1013 2748 seu
1030 2694 1189 2770 tempore
1206 2677 1288 2752 Van
1357 2698 1422 2756 cae

202 2771 479 2879 persecutionis,
504 2773 603 2869 cujus
625 2769 806 2863 meminit,
828 2768 922 2846 vixit
937 2773 1065 2844 Aeneas
1082 2772 1258 2865 Gazaeus,
1281 2796 1327 2850 ex
1342 2775 1420 2853 Pla·

204 2873 331 2950 tonico
358 2863 595 2976 Christianus,
626 2886 729 2941 autor
756 2865 905 2963 dialogi,
942 2866 1001 2965 qui
1033 2865 1119 2941 Theo
1140 2866 1271 2967 brasias
1292 2870 1424 2948 inserta

204 2970 323 3056 bitur,
347 2964 392 3039 de
407 2984 598 3039 animarum
622 2960 896 3053 inmortalitate,
922 2980 959 3035 et
975 2964 1109 3038 resurre
1148 2962 1249 3055 one,
1272 2964 1332 3064 qui
1347 2965 1419 3047 Gr.

203 3086 240 3140 et
257 3067 333 3137 Lat.
360 3057 491 3172 prodiit
508 3057 675 3153 Basiliae,
700 3082 782 3134 curn
806 3058 967 3136 versione
984 3059 1176 3156 Wolphii,
1199 3059 1318 3137 deira
1334 3062 1423 3139 Bar·

203 3158 283 3235 thio
313 3153 448 3249 editus,
490 3177 673 3252 praeterea
700 3155 902 3252 quindecim
930 3154 1003 3229 e‘us
1029 3153 1197 3250 epistolae
1218 3154 1359 3233 exstant
1380 3160 1423 3237 in

187 3252 420 3330 -collePtione
452 3253 580 3360 ljlldina
618 3271 656 3324 et
688 3251 885 3345 Cujaciana.
944 3180 1109 3348 iJenique
1138 3252 1175 3326 in
1205 3252 1279 3329 fine
1310 3252 1423 3334 seculi

201 3353 312 3426 Sabas
344 3347 489 3421 celebras
520 3345 591 3420 fnit
617 3345 836 3437 Monachus,
877 3364 913 3419 et
938 3347 1051 3420 laurae
1073 3346 1424 3447 Hierosolymitame

205 3447 343 3533 Abbas,
378 3442 476 3536 cujus
500 3437 654 3539 superest
676 3444 840 3537 typicum,
880 3442 1017 3526 wulzis,
1048 3442 1107 3517 seu
1135 3444 1222 3519 ordo
1244 3445 1423 3526 recitandi

206 3539 365 3617 officium
387 3535 688 3627 Ecclesiasticum3
730 3538 825 3612 inter
850 3537 956 3614 libros
978 3536 1235 3616 Ecclesiasticus
1260 3542 1422 3622 Graeco·

205 3661 293 3713 rum.
344 3632 432 3709 Vid.
456 3635 533 3706 Leo
556 3632 704 3707 Allatins
731 3633 775 3707 de
802 3635 898 3710 libris
922 3633 1170 3709 Ecclefiasticis
1195 3637 1438 3719 Graecorum·

198 3730 296 3830 ¹apud
323 3727 522 3806 Fabricium
545 3730 568 3801 l.
594 3727 655 3803 cit.
705 3730 823 3824 Hujus
847 3731 1043 3826 postremo,
1075 3732 1149 3805 aliis
1172 3732 1301 3826 millis,
1331 3760 1420 3835 quo·

41 3850 45 3859 ·
204 3849 272 3928 que
294 3825 397 3903 seculi
422 3824 473 3937 est
487 3823 688 3935 Hesychius,
712 3825 898 3923 Presbyter
927 3826 1291 3927 Hierosolymitanus,
1313 3851 1420 3911 autor

203 3941 452 4003 commentans
492 3923 528 3996 in
568 3918 800 4012 Leviucnm,
845 3942 884 3996 et
916 3920 1059 3998 aliorum
1099 3923 1344 4021 opusculorum
1376 3931 1416 4003 in

197 4021 370 4198 iiiibllIM'
397 4019 433 4095 P.
459 4036 486 4094 t.
510 4017 594 4094 XII.
642 4019 700 4094 De
717 4040 787 4116 quo
810 4017 884 4095 vid.
908 4018 1113 4098 Albertinus
1127 4024 1172 4098 de
1193 4020 1409 4100 Eucharistio

303 4258 307 4265 ·
1296 4212 1328 4317 i.
1350 4213 1422 4299 xl.
