3008 4830
520 714 526 727 ·
651 620 760 771 secu.
790 684 857 765 ir.
1279 702 1352 783 ms

156 864 268 941 comite
288 881 327 940 et
350 865 475 956 exule,
499 862 538 939 in
561 859 677 938 initiis
701 863 851 964 Juliani‚
874 860 1013 963 quando
1035 855 1256 941 orthodoxis
1278 858 1347 971 Ee-

159 961 345 1037 delusum
371 981 535 1059 repetere
562 958 681 1051 licuit,
726 981 866 1036 omnem
889 983 1033 1060 operam
1064 965 1168 1037 rebus
1191 957 1349 1034 Orientis

163 1056 287 1153 cohpfis
308 1055 543 1133 instaurandis.
593 1058 684 1129 Cum
709 1076 798 1131 vero
822 1057 1040 1132 Antiochiae
1063 1056 1275 1144 versaretur,
1310 1068 1349 1125 et

164 1150 313 1227 Paulinum
336 1152 525 1229 ordinasset
547 1151 781 1249 Episcopum,
820 1151 972 1250 illudque
1007 1150 1220 1251 inproballet
1242 1147 1350 1222 Euse-

164 1242 220 1321 blm
239 1248 485 1338 vercellensis,
511 1248 571 1346 qui
598 1270 679 1320 cuin
704 1246 938 1322 Athanasius
965 1248 1095 1321 nodum
1119 1271 1149 1322 a.
1176 1253 1258 1342 3⁶2·
1287 1243 1347 1317 ha·

168 1340 224 1415 buit
234 1344 479 1434 Alexandriae,
504 1364 569 1440 qua
583 1342 760 1416 decretum
777 1341 848 1432 est,
866 1342 919 1414 >de
936 1272 1141 1438 {piscopim
1168 1341 1226 1438 qui
1243 1340 1346 1413 Aria·

171 1456 204 1507 ua
217 1439 279 1513 hbe
303 1461 511 1537 quocunque
536 1439 643 1511 modo
659 1436 784 1513 infesti
810 1436 971 1529 fueraut,
996 1436 1039 1510 ad
1054 1435 1344 1511 communionem

171 1530 368 1629 recipiendis,
394 1534 538 1608 Lucifer
557 1533 640 1606 illud
659 1534 841 1609 decretum
859 1532 1058 1625 damnavit,
1084 1533 1222 1629 seseque
1237 1552 1345 1626 prop·
1477 1608 1480 1615 ,

171 1640 255 1717 terei,
283 1630 320 1703 iii
343 1629 531 1709 Sardiniam
557 1629 690 1720 redux,
715 1652 800 1703 mox
825 1629 869 1702 ab
894 1627 1045 1703 Ecclefia
1065 1627 1137 1724 ipsa
1163 1629 1344 1721 separavit.

172 1717 233 1795 vid.
251 1727 408 1797 Socrates
439 1726 490 1800 H.
516 1726 580 1797 lll:
605 1747 640 1813 5,
668 1732 703 1813 6,
727 1748 762 1815 9.
781 1724 1045 1797 ¹Theodoretus
1077 1725 1127 1798 H.
1149 1724 1214 1797 Ill:
1240 1735 1272 1812 5.
1307 1739 1346 1795 et

172 1811 296 1920 liuffiuus
324 1822 375 1894 H.
400 1821 429 1892 1:
456 1844 514 1915 30.
561 1820 663 1894 Obiit
686 1845 717 1892 a.
744 1842 848 1913 370„
881 1818 1012 1927 relisiis
1038 1818 1211 1929 nonnullis
1234 1815 1343 1911 scrip·

169 1914 464 2110 ifrlilssshsh
479 1937 598 2098 sss?
613 1913 1224 2117 lll‘hlsslilhlll,illis
1246 1917 1345 2084 ξὲἒῗί

174 2116 247 2193 nme,
258 2124 400 2200 propter
413 2103 589 2192 haeresin,
616 2124 652 2176 et
672 2104 977 2201 persecutionem,
1001 2102 1221 2201 perstringit,
1240 2127 1341 2200 piae·

174 2207 241 2269 terti
257 2202 295 2273 de
319 2205 447 2295 regibus
474 2198 681 2297 apostaticis,
714 2198 758 2272 de
789 2222 860 2271 non
892 2200 1099 2273 conveniendo
1128 2222 1199 2274 cum
1230 2202 1342 2274 laert·

170 2290 243 2381 siclt,
272 2315 338 2370 ete.
374 2318 460 2392 quae
484 2296 643 2391 opuscula
677 2293 771 2368 edita
794 2293 872 2367 suut
902 2318 922 2368 a
949 2296 1048 2371 Tilio
1073 2294 1270 2386 Meldensi,
1302 2316 1341 2372 et
1477 2378 1478 2381 ,

170 2380 272 2463 exstant
319 2412 365 2463 uo
391 2412 434 2462 ue
465 2390 502 2461 im
527 2390 612 2461 Bibl.
639 2391 788 2463 Patrum.

201 2474 229 2585 5.
248 2414 406 2595 scaldis.
438 2486 666 2592 Peruagatum
692 2483 743 2557 est
760 2483 904 2560 schisma
926 2486 1129 2580 permultas
1152 2484 1337 2594 regiones,

168 2588 209 2643 uti
226 2576 433 2676 lispaniam,
467 2581 621 2668 ltaliam,
655 2580 889 2677 AEgyptum‚
919 2578 1054 2672 Asiam,
1087 2601 1124 2655 et
1150 2604 1339 2677 praecipue

167 2662 343 2765 ludriam
369 2694 468 2749 uteri
494 2676 598 2747 libello
617 2693 746 2768 precum
772 2694 879 2771 patet.
930 2678 1027 2751 Inter
1051 2676 1147 2750 viros
1171 2677 1336 2772 illustres,

167 2762 211 2851 qui
232 2766 289 2845 sese
312 2772 347 2845 ei
373 2770 624 2866 adjunxerunt,
651 2769 740 2859 suit,
765 2790 902 2867 praeter
925 2772 1104 2847 Euresium
1122 2772 1336 2869 Episcopum
1376 2863 1378 2867 ¹

163 2851 336 2959 dieucum,
377 2866 473 2962 cujus
495 2865 632 2940 mentio
665 2867 703 2939 in
726 2866 812 2940 Cod.
839 2867 1015 2943 Theodos.
1038 2869 1060 2943 l.
1086 2869 1188 2942 XVI.
1214 2868 1266 2943 tit.
1289 2872 1336 2946 de

165 2948 321 3054 hereticis,
345 2962 501 3035 Hilarius
516 2962 697 3035 Romanae
714 2959 887 3034 Ecclesiae
902 2962 1086 3035 diaeonus:
1112 2963 1212 3056 cujus
1232 2964 1331 3055 sunt,

167 3056 305 3145 uthalim
338 3074 502 3152 putatur,
543 3054 788 3131 commentarii
823 3054 859 3126 in
883 3055 1051 3151 Epistulas
1083 3057 1199 3146 Pauli,
1240 3060 1334 3134 inter

164 3158 244 3231 ⁰9²¹!
260 3150 454 3240 Ambrosii,
488 3149 575 3225 teste
601 3146 801 3244 Augustino
827 3169 949 3223 contra
974 3154 1055 3223 duas
1081 3149 1171 3244 episi.
1197 3153 1333 3254 Pelagi-

159 3242 309 3343 mliv.
335 3270 367 3321 c.
383 3268 419 3335 4.
444 3245 550 3319 modo
567 3245 639 3342 ipse
654 3242 828 3330 nostrum,
853 3263 890 3316 et
907 3266 977 3318 non
997 3246 1125 3333 alium,
1152 3246 1329 3328 Hilarium

152 3350 187 3403 ιι
204 3337 303 3416 auimo
333 3341 506 3415 habuerit.
553 3341 612 3415 De
644 3364 713 3437 quo
741 3338 892 3414 dubitari
923 3338 1048 3437 potest.
1101 3340 1188 3417 Vid.
1215 3349 1330 3424 moni·

150 3442 208 3504 tum
233 3435 449 3532 praemissum
472 3434 557 3509 huic
590 3436 679 3509 libio
714 3437 750 3510 in
785 3435 967 3510 novimma
990 3436 1167 3512 Ambrosii
1198 3441 1329 3518 editio·

141 3546 190 3603 ue.
222 3533 446 3607 „Tribuuntur
476 3555 615 3629 quoque
645 3530 712 3626 lpsi
748 3529 961 3634 Quaestiones
991 3531 1040 3606 V.
1073 3552 1110 3608 et
1133 3534 1184 3609 N.
1212 3538 1258 3613 T.
1282 3540 1326 3613 ad

139 3624 247 3701 calcem
269 3624 456 3723 Augustini
482 3646 565 3698 tom.
593 3627 680 3713 ΙΙΙ.,
704 3626 762 3700 sed
788 3628 832 3700 de
860 3650 929 3722 quo
950 3625 1009 3701 alii
1035 3651 1106 3714 non
1124 3629 1195 3702 sine
1219 3633 1326 3706 ratio-

131 3722 355 3799 nedubitant.
401 3721 462 3795 Est
491 3720 611 3833 utique
640 3741 742 3794 aiitoi
771 3723 991 3816 Pelagianos,
1033 3743 1071 3797 ut
1103 3725 1322 3807 Benedisiini

126 3821 162 3898 in
184 3818 363 3913 praerniss'o
395 3816 531 3890 monito
551 3839 622 3912 Jam
649 3835 837 3904 notaruut3
878 3837 976 3914 patet
1001 3819 1094 3891 enini
1122 3818 1321 3903 illud-haud

122 3916 265 3992 obscure
293 3936 338 3987 ex
370 3914 421 3986 N.
450 3913 496 3986 T.
529 3909 730 4009 quaestione
761 3934 808 4003 79
832 3932 869 3984 et
897 3920 954 3992 80.
1004 3915 1072 3987 Sed
1107 3913 1188 4006 palli
1221 3917 1321 4013 sunt,

116 4015 163 4096 ab
182 4010 289 4082 altera
301 4028 420 4101 parte,
440 4030 511 4081 non
530 4025 662 4079 tantum
680 4006 991 4081 contradidionem
1008 4025 1045 4079 et
1055 4008 1299 4086 refutationem
1308 4058 1326 4106 ‚·

116 4109 225 4198 etiam
258 4102 467 4203 Hieronymi
499 4101 537 4180 iu
572 4102 711 4200 dialogo
748 4121 870 4178 contra
898 4099 1160 4199 Luciferiaiios,
1201 4129 1324 4185 verum

154 4201 254 4283 Tam.
278 4198 346 4274 IV.
729 4195 795 4273 Xx
1214 4198 1324 4284 etiam

1436 4280 1474 4548 s
