3074 4838
147 679 221 785 396
532 665 974 773 fflstoriu‘Etclefi-Cstrlfl.

149 876 197 935 ex
220 847 332 949 Epist.
356 846 400 925 ad
424 847 621 938 Romanos,
661 847 700 922 in
727 873 794 948 qua
821 848 962 924 initium
978 847 1083 941 fidei,
1116 839 1190 925 non
1215 872 1237 924 a
1263 830 1374 948 gratia

149 934 246 1043 Dei,
278 946 336 1029 fed
364 949 406 1018 ab
429 946 571 1019 homine
595 942 693 1041 ipso,
718 948 870 1043 repetit,
903 966 943 1019 ut
959 945 1153 1022 Retrnftat.
1178 947 1201 1022 l.
1228 947 1258 1021 1.
1286 944 1373 1018 fate·

151 1063 229 1137 tur,
253 1041 373 1140 postea
401 1043 546 1115 meliora
569 1039 731 1117 edostus:
765 1042 808 1116 ad
833 1065 936 1141 quem
972 1044 1086 1116 locum
1111 1062 1228 1115 tamen
1253 1039 1376 1138 postea

152 1138 394 1239 provocarunt
415 1136 711 1233 Semi-pelagiani.
743 1138 841 1212 Dein
865 1139 902 1212 in
918 1136 1025 1234 Epist.
1051 1137 1092 1212 ad
1109 1140 1257 1211 Galatas
1275 1158 1376 1210 coin·

152 1252 331 1311 mentatus
363 1230 433 1322 est,
476 1232 685 1330 tandemque
710 1232 755 1306 de
783 1236 972 1310 Mendacio.
1011 1233 1200 1308 Laboravit
1230 1251 1377 1330 quoque

152 1332 192 1406 in
216 1326 431 1419 Donatistis,
469 1352 618 1498 quorum
644 1329 767 1427 ingens
793 1349 868 1405 erat
890 1353 1072 1420 numerus,
1112 1327 1310 1404 refutandis
1333 1347 1376 1400 ac

154 1425 421 1514 convertendis,
484 1426 604 1519 cripto
636 1449 799 1520 quoque,
841 1445 979 1521 praeter
1015 1424 1127 1500 varias
1157 1426 1374 1513 conciones,

154 1522 305 1621 Psalmo,
338 1520 454 1607 disto,
493 1544 513 1592 a
540 1520 697 1614 partibus
720 1543 807 1615 quae
833 1545 912 1595 cum
935 1521 1059 1595 litteris
1084 1518 1219 1595 Latinis
1248 1521 1375 1594 secun·

153 1622 237 1695 dum
261 1617 485 1713 alphabetum
512 1611 712 1710 incipiunt,
738 1617 965 1705 Alecedario,
988 1619 1026 1691 in
1043 1643 1112 1714 quo
1127 1617 1275 1690 historia
1287 1617 1374 1689 ·Do·

152 1714 353 1792 natistarum
380 1710 534 1784 traditur.
568 1711 751 1784 Peffimum
769 1714 898 1787 deinde
922 1737 1057 1786 morem
1082 1711 1306 1788 convivandi
1332 1711 1373 1784 in

154 1806 373 1888 coemiteriis
406 1825 442 1878 et
475 1806 662 1879 memoriis·
687 1807 910 1905 Martyrum,
952 1809 1106 1882 concilio
1137 1803 1372 1905 Hipponenli

152 1910 226 2004 jam
250 1901 424 1990 vetitum,
458 1900 616 1975 feliciter
641 1902 798 1978 abolevit
824 1905 861 1978 in
884 1903 1034 1997 Ecclesia
1061 1903 1308 2001 Hipponenfi,
1339 1922 1373 1976 a.

157 2022 259 2098 395„
285 2016 324 2070 ut
348 1996 454 2070 docet
479 1995 581 2092 epist.
609 2020 666 2087 29.
693 2000 736 2072 ad
760 2001 952 2096 Alypium,
986 2020 1022 2072 et
1049 2004 1237 2075 Sermones
1260 2022 1303 2073 ea
1328 1995 1382 2071 de

155 2092 354 2172 rehabuit.
403 2092 567 2186 Denique
599 2094 707 2165 libros
739 2094 783 2166 de
817 2099 914 2169 libero
948 2099 1084 2169 arbitrio
1115 2096 1285 2194 scripsit,
1312 2110 1376 2185 et,

155 2191 237 2267 mali
273 2188 449 2284 originem
483 2186 567 2260 inde
611 2187 680 2259 else
715 2194 963 2284 repetendam,
1004 2192 1216 2266 demonstrat
1250 2205 1380 2265 contra

155 2283 409 2400 Manichacus:
452 2280 490 2355 in
525 2279 650 2378 quibus
679 2282 771 2358 visus
796 2284 847 2359 est
877 2287 1072 2384 pr'aelusille
1103 2284 1382 2386 Semi-pelagia·

156 2408 222 2461 nis.
840 2426 848 2439 x
1113 2426 1120 2444 ‹
1373 2426 1378 2435 ·

164 2546 172 2559 ,
205 2479 237 2577 5.
262 2477 379 2552 XXII.
405 2476 560 2551 Munere
583 2497 647 2570 per
673 2474 948 2572 quinquennium
973 2478 1106 2554 summo
1122 2488 1212 2556 'cum
1236 2480 1282 2556 ad
1308 2480 1383 2556 lau·

158 2575 200 2655 su
222 2571 378 2658 sunaus,
404 2572 598 2665 Episcopus
624 2571 883 2665 Hipponensis,
909 2575 994 2648 licet
1017 2574 1167 2669 invitus,
1193 2595 1230 2651 et
1294 2600 1383 2673 ega·

157 2669 209 2747 lio
233 2663 442 2750 Calamensi,
469 2663 662 2737 Numidiae
685 2667 855 2754 Primate,
880 2680 1118 2765 repugnante,
1138 2672 1280 2748 'elesius
1302 2673 1379 2766 est,

159 2785 232 2861 ope
258 2759 396 2835 Valerii
420 2757 608 2854 Episcopi,
633 2758 766 2857 ipsique
788 2762 967 2858 adjunsius
991 2767 1032 2840 ad
1057 2787 1140 2842 vota
1164 2768 1308 2865 populi,
1332 2770 1382 2844 ab

158 2860 414 2958 ipso—quoque
455 2853 642 2951 Megalio,
694 2881 798 2953 quem
840 2860 1029 2934 calumniae
1069 2864 1105 2936 in
1141 2862 1383 2960 Augustinum

188 2951 364 3040 oenituit,
397 2949 616 3056 ordinatus,
636 2974 666 3025 a.
693 2974 776 3050 395.
800 2974 839 3027 ut
862 2956 1008 3051 Prosper
1029 2959 1065 3030 in
1088 2959 1220 3035 Chron.
1253 2960 1383 3037 refert.

253 3069 401 3138 uocum
427 3068 549 3123 canon:
565 3046 764 3139 Nicaenus,
790 3049 850 3147 qui
873 3051 1020 3124 duos'in
1045 3077 1110 3127 una
1136 3053 1292 3131 Ecclesia
1317 3080 1385 3132 ve·

158 3161 212 3226 rat
265 3142 445 3241 piscopos,
477 3141 588 3215 fuerit
613 3143 799 3238 migratus,
835 3146 1069 3243 Augustinus,
1102 3151 1145 3222 de
1173 3173 1220 3223 eo
1242 3152 1385 3228 certior

158 3238 290 3332 fabius,
315 3261 419 3334 aegre
445 3237 535 3313 tulit.
570 3235 682 3313 Gessit
704 3240 772 3314 sese
797 3241 835 3312 in
859 3241 931 3316 hoc
955 3267 1100 3334 munere
1123 3269 1249 3332 verum
1277 3246 1383 3349 Epis·

159 3357 293 3431 copum
317 3351 353 3407 et
376 3330 571 3421 Pastorem,
605 3334 788 3432 omnisque
813 3335 957 3413 virtutis
981 3360 1022 3417 ac
1043 3340 1294 3420 continentiae
1318 3367 1382 3420 ex·

159 3429 294 3526 emplar
317 3427 521 3522 praebuits'
544 3427 631 3502 licet
652 3428 750 3503 intus
769 3430 883 3505 adhuc
907 3434 1024 3507 multis
1055 3457 1133 3508 cum
1167 3436 1381 3517 tentationia

159 3526 224 3607 bus
248 3522 355 3615 fuerit
380 3519 565 3611 lunatum.
586 3521 744 3622 suaeque.
765 3527 924 3603 miseriae
955 3548 1025 3603 tam
1043 3532 1179 3608 ¹,vivum
1218 3535 1386 3614 habuerit

159 3612 316 3711 sensum,
357 3638 397 3704 ut
424 3615 468 3690 de
501 3618 584 3715 fuga
616 3617 655 3695 in
689 3621 862 3697 desertum
898 3623 940 3697 ali
989 3623 1079 3701 ando
1113 3628 1407 3710 deliberaverit(

159 3710 418 3830 Qutwlimi
441 3711 688 3822 'suiahabitum
711 3717 790 3814 Ipse
813 3721 929 3794 Conse
960 3778 969 3795 .
995 3724 1017 3797 l.
1043 3725 1087 3798 X.
1121 3725 1281 3823 ingenue
1315 3731 1380 3805 de·

160 3827 289 3930 pinxit.
338 3812 503 3919 Ceterum
525 3811 740 3898 inivestitu,
765 3815 902 3904 mensa,
936 3816 974 3889 et
999 3836 1075 3892 tota
1097 3825 1382 3901 conversatione

160 3928 329 3994 externa,
365 3925 493 3980 vitavit
520 3904 589 3977 duo
615 3914 794 3998 extrema,
826 3929 863 3984 et
888 3912 1041 3987 medium
1067 3915 1223 3993 feliciter
1248 3923 1374 3998 tenuit.

159 4002 272 4079 ueste
297 4001 373 4075 usus
392 3999 444 4077 est
470 4003 672 4091 communi,
705 4008 945 4100 prout·m0ris
966 4028 1062 4100 erat,
1088 4013 1259 4092 interiore
1282 4020 1373 4093 linea

155 4098 404 4217 ‚essertertop-
419 4097 537 4214 tana,
551 4098 853 4215 birrhouuoflue
866 4126 949 4196 sun
964 4106 1082 4188 Laicis
1098 4108 1375 4287 gestatosevii.

146 4254 192 4310 ts
433 4248 435 4259 “
648 4256 667 4271 ·“
700 4231 711 4273 ”
765 4235 792 4275 ·’“
1299 4230 1385 4287 ‘¹¹¹⁰
