3008 4830
132 717 187 815 lp*-
511 718 666 825 Historia
681 722 811 826 Ectsrfi
831 723 948 829 lllrr‘fl.

127 890 211 969 ‘lilio
238 897 384 976 collesla
408 906 447 977 er'
471 903 588 995 edita,
607 905 690 982 'sed
720 905 889 982 incertae·
908 904 1006 983 fidei.
1063 906 1185 986 Exstat
1215 916 1368 1011 quoq'ue

137 991 211 1086 ejus
228 996 374 1091 Epistola
393 1002 553 1100 Synodico
578 1003 615 1076 in
648 1027 805 1081 monum.
833 1004 998 1078 cotelerii
1029 1022 1055 1080 t.
1088 1009 1135 1081 11.
1169 1032 1259 1105 quae
1292 1011 1368 1083 sola

135 1083 230 1163 sorte
254 1100 405 1190 genuina
428 1096 490 1175 est.
538 1101 622 1174 Duo
670 1103 890 1175 celebrantur
911 1124 1047 1198 quoque
1070 1103 1240 1195 Maeotii,
1276 1105 1369 1178 alter

134 1186 360 1303 {sss-gyptius,
393 1197 505 1294 major
528 1199 575 1270 ob
598 1218 749 1272 aetatem
774 1196 907 1283 distus,
946 1200 1136 1271 monachus
1185 1201 1370 1275 Scetensrs

135 1303 176 1357 1¹1
194 1288 373 1381 luperrore
389 1296 589 1392 AEgypto,
613 1296 700 1368 ulter
716 1294 982 1384 Alexandrinus,
1009 1293 1128 1367 minor
1151 1295 1281 1369 aetatis
1306 1319 1366 1368 re·

58 1464 64 1477 ,
135 1373 276 1477 speetu,
296 1385 354 1463 sed
367 1393 540 1486 politicus,
561 1396 606 1464 ob
620 1390 850 1465 urbanitatem
870 1407 908 1462 et
922 1389 1124 1462 hilariorem
1135 1389 1283 1479 faciem,
1303 1392 1367 1465 ad·

136 1478 299 1577 peilatus,
325 1487 597 1563 archimandrita
619 1485 833 1574 Nitrienlis3
858 1505 1005 1581 uterque
1028 1486 1182 1559 Antonii
1201 1488 1361 1580 discipu·

136 1577 207 1667 lus,
247 1599 285 1654 et
309 1581 496 1659 severioris
522 1582 758 1658 devotionis·
795 1578 1024 1656 Alexandrini
1058 1580 1210 1677 superest
1245 1583 1368 1657 sermo

137 1672 184 1749 de
205 1681 296 1752 exitu
322 1688 506 1756 animarum
530 1683 655 1775 piorum
680 1696 711 1752 rt
748 1683 924 1777 inpiorum,
964 1675 1055 1772 apud
1082 1681 1178 1751 Cave
1205 1676 1244 1751 in
1281 1678 1365 1754 hist.

137 1771 208 1848 litt.
235 1798 283 1850 ex
310 1777 379 1850 cod
402 1779 508 1867 Mil,
533 1777 591 1851 sed
616 1776 714 1875 parvi
738 1773 870 1874 pretil‚
896 1771 1155 1869 superstitionis
1177 1793 1216 1847 et
1233 1772 1367 1850 fabula·

141 1892 220 1943 rum
242 1872 378 1965 plenus.
429 1876 556 1971 Longe
572 1874 712 1948 utiliora
739 1874 837 1962 sunt,
861 1886 899 1943 et
917 1865 1010 1943 lectu
1026 1867 1242 1966 dignilsrrna‚
1270 1894 1367 1967 quae

139 1965 335 2065 AEgyptio
359 1988 591 2068 competunt,
625 1969 808 2068 opuscula,
848 1965 1060 2041 severiorem
1087 1964 1283 2061 pietatem,
1327 1984 1370 2040 et

141 2063 350 2138 interiorem
376 2063 675 2140 Christianismum
704 2065 894 2175 spirantia,
929 2084 958 2133 a.
986 2061 1119 2175 Georg.
1147 2061 1262 2135 Pritio
1288 2061 1368 2137 edi·

147 2178 195 2234 ta.
245 2160 432 2259 Didymus,
491 2161 678 2236 luminibus
709 2162 794 2234 lrcet
827 2156 1061 2256 quinquennis
1087 2181 1160 2253 Jam
1193 2161 1370 2251 orbatus,

145 2279 308 2354 magnam
333 2256 394 2331 fibi
423 2257 643 2361 comparavit
660 2256 918 2342 eruditionem,
954 2271 992 2327 et
1015 2253 1152 2327 scholae
1170 2254 1367 2330 Alexandr.

144 2353 361 2451 praestans,
402 2351 536 2427 summo
569 2375 649 2426 curn
685 2351 844 2449 adplausu
883 2347 1008 2423 docuit
1038 2352 1156 2422 Sacras
1188 2349 1369 2440 Litteras;

145 2474 273 2548 magna
293 2449 454 2548 quidem,
473 2450 555 2522 dum
573 2449 688 2538 vixit,
714 2447 751 2523 in
768 2445 1046 2534 existimatione,
1073 2445 1130 2518 sed
1149 2444 1266 2541 postea
1282 2468 1368 2521 cum

145 2547 322 2642 Origene,
348 2569 451 2642 quem
475 2545 621 2619 sedatus
637 2563 733 2633 erat,
765 2545 955 2618 damnatus.
984 2540 1134 2638 Scripfit
1160 2541 1286 2615 librum
1320 2543 1369 2616 de

144 2645 271 2740 Spiritu
296 2642 356 2729 S.,
381 2663 484 2739 quem
511 2639 620 2715 vertit
653 2641 915 2739 Hieronymus,
950 2655 988 2710 et
1016 2660 1141 2710 contra
1167 2638 1369 2712 Manichae-

146 2735 644 2814 osinLert.nnt.Canis1i.
684 2735 876 2826 Diodorus,
912 2731 1012 2807 Tarsi
1044 2733 1257 2831 Episcopus,
1295 2733 1359 2830 qul

147 2832 304 2911 concilio
329 2832 431 2908 CPol.
456 2836 485 2908 I.
509 2832 696 2922 interfuit,
736 2836 834 2931 cujus
866 2829 1035 2927 quaedam
1067 2844 1203 2903 tantum
1244 2829 1369 2926 super·

107 2939 112 2948 '
147 2931 228 3009 sunt
259 2929 453 3028 fragmenta
481 2928 574 3027 apud
606 2927 763 3003 Marium
796 2931 971 3008 Mercat,
1012 2925 1204 2998 Leontium
1242 2943 1371 3003 contra

146 3024 380 3126 Eurycliam,
406 3026 605 3100 Facundum
623 3023 808 3100 Hermian.
827 3024 871 3096 dc
889 3023 995 3094 tribus
1014 3024 1188 3118 capitulis,
1207 3040 1245 3094 et
1260 3019 1369 3114 alios,

147 3123 232 3201 ideo
250 3123 487 3201 memorabilis
505 3121 578 3212 est,
606 3121 699 3221 quod
710 3179 721 3216 ,
732 3189 735 3193 ,
746 3115 939 3219 repudiatis
957 3116 1153 3218 allegoriis,
1178 3116 1371 3193 litteralem

147 3219 295 3297 leslatus
328 3219 371 3294 srt
404 3220 535 3317 Script
561 3223 596 3295 S.
632 3217 987 3313 interpretationem,
1032 3219 1221 3288 Sozomen.
1256 3212 1371 3297 VIII:

149 3314 291 3412 ejusque
320 3311 404 3386 disci
430 3317 479 3386 uli
503 3313 636 3385 fuerint
653 3309 941 3406 chrysostomus,
966 3326 1004 3380 et
1024 3309 1237 3383 Theodorus
1254 3309 1370 3407 Mop-

150 3407 349 3497 suestenus‚
395 3337 550 3503 <lenique
580 3402 777 3502 Pelagianis
814 3400 1020 3500 praeluserit
1054 3422 1094 3479 et
1125 3401 1364 3483 Nestorianis.

150 3508 211 3583 De
238 3527 308 3601 quo
330 3501 392 3576 suo
416 3503 505 3577 loco,
1370 3547 1373 3551 -

158 3648 162 3658 ,
200 3597 233 3698 s.
259 3600 430 3674 XXXIII.
469 3595 687 3673 Peculiarem
718 3616 875 3673 meretur
914 3598 1161 3675 adtentionem
1197 3600 1373 3697 cyrillus,

150 3695 390 3791 Hierosolym.
419 3689 632 3791 Episcopus,
658 3693 744 3794 quip
772 3712 792 3766 e
816 3692 962 3789 cujuso
990 3719 1048 3771 era
1072 3697 1211 3792 optime
1234 3720 1254 3771 u
1280 3694 1372 3773 Mil·

150 3790 254 3885 lesro,
284 3791 427 3889 Onon,
454 3799 491 3862 et
515 3788 760 3865 noviffinrea·
791 3807 938 3881 outteo,
963 3720 1221 3882 lrenedietino,
1259 3794 1369 3873 Paris.-

152 3886 271 3976 edita,
295 3884 480 3985 ingentem
494 3885 667 3979 praebent
680 3886 725 3961 ad
735 3883 937 3961 'dominam
967 3906 1005 3961 et
1029 3888 1238 3987 religionem
1262 3889 1371 3988 hujus

152 3989 222 4064 l'ec.
249 3981 526 4080 cognoscendam
544 3979 756 4059 utilitatem:
782 3988 822 4056 rit
848 3981 994 4081 sequens
1020 3984 1165 4060 docebit
1190 3983 1368 4065 trauatio.

152 4082 302 4171 Vitam,
332 4077 401 4155 sata
424 4097 463 4151 et
486 4078 620 4152 labores
643 4076 755 4154 deseri
783 4079 899 4155 serunt
922 4079 993 4156 viri
1008 4080 1213 4170 memorati,
1239 4080 1276 4155 in
1292 4082 1370 4180 pri·

148 4179 216 4262 nis
240 4175 344 4260 suun
366 4176 574 4284 Toutteust
606 4104 843 4259 dormitm
867 4175 1001 4274 summu
1025 4178 1152 4282 capita
1169 4177 1374 4269 ,exhibebo

148 4299 231 4354 unt·
726 4302 809 4354 εἰ
1063 4303 1066 4310 ·
1265 4296 1368 4366 Μῦς
