3074 4838
158 696 242 796 176·
526 691 673 791 ffillotia
687 688 821 793 lictltJ
849 690 965 792 anst.

166 891 243 948 erat
276 864 524 971 propinquior:
555 860 619 944 'uti
642 893 689 945 ex
721 869 850 943 eorum'
868 866 1012 973 epistola
1043 867 1096 953 in,
1116 865 1223 944 Attis
1258 864 1387 969 Synodi

166 985 279 1066 patet.
324 968 411 1040 Erat
434 965 530 1038 enim
550 988 594 1040 ex
612 966 759 1041 adverso
777 964 956 1064 Byzantii,
981 966 1053 1039 solo
1069 967 1258 1061 Bosphoro
1275 972 1385 1042 inter·

168 1063 299 1139 medio.
347 1063 570 1135 Celebratum
603 1084 691 1135 vero
724 1058 775 1135 est
807 1067 846 1136 in
876 1060 1016 1136 Basilica
1046 1062 1272 1157 Euphemiae
1303 1080 1390 1134 mar·

24 1208 27 1213 -
170 1159 260 1249 tyris
284 1157 321 1229 in
339 1155 501 1229 suburbio
525 1155 630 1231 urbis.
679 1179 715 1248 4„
743 1157 904 1258 Tempus
934 1155 985 1231 est
1016 1179 1047 1231 a
1071 1178 1186 1247 451„
1217 1152 1391 1233 Marciani

171 1276 207 1344 rt,
232 1255 281 1326 ab
301 1251 406 1326 Vlll.
431 1251 483 1326 ld.
508 1250 657 1326 onom.
690 1252 732 1327 ad
759 1252 930 1329 Kalendas
958 1252 1182 1341 Novembe,
1205 1270 1275 1349 per
1290 1252 1389 1325 sede·

171 1354 244 1425 cim
268 1344 455 1457 ustiones,
476 1368 517 1423 ut
531 1346 693 1459 earinis
711 1347 867 1445 Synodi,
891 1347 1103 1423 Marcellino
1117 1348 1286 1440 Comite,
1303 1344 1388 1429 aliis·
1436 1376 1442 1383 ·

169 1467 239 1639 qul
258 1437 848 1634 Lelikllnlltllllsssilliesmlillalstsaythodi
872 1537 973 1648 luisse
997 1545 1101 1647 639„
1128 1536 1270 1612 constat
1293 1494 1387 1615 inter⁶

166 1653 311 1711 omnes:
347 1652 483 1708 tantum
507 1633 552 1707 de
576 1632 734 1706 Praesrde
766 1653 954 1729 quaeritur.
1005 1638 1142 1708 Primae
1165 1657 1212 1707 ex
1237 1634 1388 1711 Ecclesi-

165 1729 283 1807 asticis
322 1748 443 1827 partes
473 1728 614 1801 fuerunt
644 1728 788 1824 Legatis
819 1730 930 1824 Papae
953 1729 1085 1803 Leonis
1109 1728 1317 1805 Paschasrno
1348 1747 1388 1805 et

166 1825 347 1900 Lucentio
371 1821 580 1921 Episcopis,
606 1846 649 1897 ac
673 1822 858 1898 Bonifatio
880 1823 1113 1922 Presbytero,
1152 1845 1192 1898 et
1214 1826 1298 1923 post
1321 1848 1384 1911 eos¹

164 1918 355 2010 Anatolio,
379 1917 561 2016 Episcopo
578 1921 702 2010 CPol.,
727 1921 787 2020 qul
805 1919 1001 2016 praesrdere
1018 1943 1088 1994 non
1112 1940 1277 2016 poterat,
1302 1922 1382 2019 quis

160 2014 376 2113 deSynodo.
398 2014 591 2090 CPolitana
619 2036 745 2088 contra
767 2014 954 2111 Eutychen
975 2035 1051 2088 erat
1083 2015 1272 2112 agendum.
1317 2019 1386 2092 Ce-

163 2131 309 2202 terum,
351 2108 444 2208 quod
477 2108 592 2185 notari
632 2129 806 2197 meretur,
846 2109 972 2209 Legati
1004 2111 1050 2182 Pa
1076 2135 1146 2200 ae,
1185 2111 1386 2209 Episcopus

164 2209 292 2299 CPol.,
333 2227 370 2281 ct
393 2205 455 2280 alii
478 2204 677 2302 praecipui,
719 2204 878 2313 sederunt
902 2204 944 2277 ad
963 2136 1132 2301 stnijilom
1162 2207 1384 2303 superiorum

163 2306 455 2390 Moderatorum,
477 2320 710 2400 argumento,
729 2300 842 2373 locum
863 2302 956 2372 illum
971 2357 981 2391 ,
999 2323 1037 2374 et
1053 2323 1124 2374 non
1139 2301 1184 2375 ad
1200 2303 1383 2394 dextram,

163 2421 248 2476 tunc
275 2398 441 2496 temporis
465 2397 621 2472 habiturn
649 2395 749 2470 fuine
776 2395 1055 2486 honoratiorem,
1094 2397 1188 2492 quod
1213 2398 1383 2497 singulare

73 2523 77 2530 ·
160 2497 247 2586 fuit,
275 2495 459 2568 necunde
483 2514 599 2569 ortum
623 2492 712 2565 mihi
736 2489 882 2564 constat.
933 2493 1053 2564 Potuit
1077 2492 1263 2588 peculiaris
1280 2494 1381 2571 soille

161 2590 277 2760 lin
305 2588 559 2780 „pggssppolnf
592 2608 661 2756 '1²3⁶
681 2585 1382 2761 5333·affinepuppemffiffi

278 2741 286 2759 ·
459 2738 468 2756 ·
508 2736 517 2756 ·
560 2737 570 2755 ·
644 2734 655 2755 ⁶
939 2737 949 2771 i

162 2778 353 2856 sinisterior
375 2800 418 2851 an
444 2776 624 2851 dexterior
646 2776 876 2867 honoratior,
900 2777 1078 2853 dilsentire
1096 2779 1380 2872 demonstraffet,

160 2876 358 2974 subjungit,
400 2873 476 2946 illos
512 2895 583 2946 non
612 2871 750 2948 diversa
781 2873 940 2965 sentire,
982 2874 1041 2947 sed
1073 2875 1211 2949 diversa
1241 2877 1384 2954 ratione

159 2975 319 3053 dextram
348 2989 385 3044 et
404 2966 577 3054 ,sinistram
606 2970 790 3067 accipere,
816 2970 1011 3043 :utamini
1029 2986 1060 3041 et
1087 2969 1213 3066 postica
1235 2973 1379 3053 Arnob.

157 3071 248 3146 vid.
274 3067 382 3141 etiam
406 3067 581 3150 sirmond.
614 3067 657 3142 ad
681 3063 861 3140 Sidonium
887 3066 909 3140 l.
935 3063 1004 3140 cit:
1043 3070 1297 3163 Moderatotes
1319 3092 1385 3145 au·

4 3188 9 3195 ·
157 3182 231 3242 tem
258 3164 329 3253 illi,
354 3162 764 3253 et·sum1ntRenores:,.
781 3159 923 3236 fuerunt
941 3163 1124 3235 Senatores
1142 3183 1180 3236 et
1199 3165 1383 3259 Comites,

155 3261 387 3338 e¹Marciano
415 3258 587 3354 delegati,
612 3260 669 3356 qui
695 3281 778 3332 curn
804 3257 992 3332 autoritate
1017 3278 1053 3330 et
1079 3258 1223 3353 inperio
1242 3264 1382 3359 praese·

155 3360 307 3442 derunt3
339 3373 379 3424 ut
403 3354 476 3447 ipsa
501 3352 643 3451 epistola
668 3351 842 3450 Synodica
863 3354 903 3427 ad
926 3355 1085 3426 Leonem
1108 3354 1230 3431 habet
1280 3360 1378 3434 Mar·

152 3456 274 3534 cianus
306 3445 379 3541 ipse
415 3472 487 3521 non
514 3449 577 3522 nisr
608 3449 703 3523 sexta
728 3446 868 3522 attione
893 3447 995 3523 venit
1026 3450 1064 3522 in
1094 3452 1301 3548 synodum,
1338 3471 1378 3529 ut

15 3549 17 3560 '
150 3564 197 3631 'ex
217 3541 421 3628 -atlionibus
430 3543 738 3639 praecedentibus,
780 3560 818 3616 et
842 3544 1025 3632 Liberato,
1046 3544 1082 3618 in
1106 3551 1290 3640 breviario,
1312 3573 1379 3648 pa·

144 3666 226 3733 net,
251 3641 310 3717 ubi
335 3640 518 3735 inperator
542 3641 716 3728 declarat,
746 3637 790 3733 sa
814 3643 858 3713 ad
880 3641 1129 3734 confirmandam
1150 3644 1276 3812 ¹plussin,
1308 3647 1379 3718 noti

151 3747 196 3825 ad
224 3740 398 3835 potentiam
423 3733 643 3835 &tutandam
668 3736 794 3832 veniffe.
846 3742 881 3809 6.
910 3735 1081 3811 Antrones
1110 3738 1202 3834 ipae
1223 3739 1376 3815 fuerunt

138 3838 304 3948 sedecim,
334 3828 480 3907 totidem
500 3834 624 3906 diebus
640 3830 827 3907 absolutae.
884 3831 1004 3907 Tribus
1028 3833 1203 3931 prioribus
1220 3834 1379 3914 Dioscu-

146 3964 207 4017 rus
232 3929 504 4018 Alexandrinos,
537 3927 714 4003 variorum
740 3927 952 4018 criminum,
993 3953 1064 4003 non
1092 3930 1129 4004 in
1156 3931 1285 4023 fidem,
1319 3933 1378 4007 sed

146 4040 186 4115 in
209 4021 359 4104 canones
380 4024 653 4112 Ecclesiasticot',
693 4043 733 4098 ut
759 4048 804 4098 ex
834 4023 973 4098 anione
1004 4030 1119 4120 quinta
1142 4049 1265 4122 patet,
1296 4049 1375 4100 reus

140 4124 528 4239 abtum-communibit
542 4118 799 4271 -suffragiis'ell
822 4119 1019 4222 depositus,
1045 4124 1129 4221 quia
1144 4123 1230 4224 post
1248 4123 1378 4298 triga?
