3074 4838
889 460 923 470 w

51 820 54 825 ,
161 690 234 799 ⁶⁴⁸
340 597 345 605 Ι
532 691 680 796 monn
695 674 831 799 ¹Iiccl'ol
860 691 977 796 christ
1102 722 1109 735 =
1176 738 1185 753 .

161 877 236 976 sit,
261 893 428 954 conatum
442 870 572 965 ¹inisse,
601 877 719 950 Urbem
736 892 768 949 et
794 878 950 951 Senatum
965 898 1007 948 eat
1034 876 1106 973 esar
1130 866 1399 974 (Theoderici)

175 978 277 1072 inpiis
300 975 450 1046 manitas
475 994 605 1061 ennete,
639 989 801 1046 eteorum
816 971 957 1069 subdere
985 967 1183 1066 dnsfenstani:
1210 967 1263 1044 uti
1287 967 1401 1042 exstat

171 1073 265 1171 apud
302 1067 486 1145 Mabillon.
521 1064 605 1142 ltin>
638 1069 713 1141 ital.
740 1094 775 1164 p.
807 1089 900 1144 tan·
939 1068 998 1141 De
1031 1089 1102 1165 quo
1134 1063 1400 1163 quicquidsrt,

172 1164 346 1262 relegante
370 1160 421 1238 est
447 1183 636 1258 propterea
662 1162 850 1255 Ticinum,
876 1183 914 1237 et
933 1162 1029 1238 aruo
1053 1161 1191 1236 carceri
1217 1159 1395 1256 mancipa-

176 1268 254 1353 tus,
288 1260 326 1330 in
351 1280 422 1354 quo
452 1258 560 1330 libros
590 1258 687 1346 illos,
725 1260 786 1358 qui
819 1256 964 1360 reliquis
988 1259 1134 1358 palmam
1152 1254 1395 1354 praeripiunt,

174 1356 220 1433 de
252 1351 462 1451 consolatione
485 1352 728 1451 Philosophiae,
768 1355 1035 1450 praetereunt,
1070 1373 1110 1426 ut
1135 1356 1183 1427 de
1211 1351 1398 1425 Trinitate

175 1462 268 1540 etc,
294 1447 504 1543 conscripsit.
540 1451 643 1523 Haud
661 1449 721 1523 diu
736 1471 828 1524 vero·
843 1449 940 1548 post,
962 1448 1055 1548 jussa
1072 1447 1321 1537 Theudorici,
1340 1446 1395 1520 in·

176 1558 233 1625 ter
255 1544 383 1619 multos
408 1543 584 1617 cruciatur
607 1544 696 1618 fuste
724 1541 775 1618 est
800 1545 952 1635 occisus,
978 1569 1058 1620 ann.
1082 1565 1191 1636 424,
1216 1563 1257 1614 ut
1282 1543 1399 1615 refert

178 1643 390 1738 Attonynntt
413 1637 503 1732 apud
524 1639 725 1727 Valefium,
756 1640 799 1713 ad
825 1643 954 1716 calcem
978 1640 1153 1716 Ammiani
1179 1639 1397 1714 Marcellini.

175 1736 380 1815 Ridiculum
407 1733 477 1820 est,
518 1733 611 1831 quod
640 1757 684 1808 eu
718 1734 873 1810 fabuloso
905 1757 1028 1810 autore
1060 1754 1174 1808 narrat
1202 1735 1394 1825 Batonius,

172 1852 258 1908 eum
281 1829 350 1903 eiie
372 1829 603 1918 decollatum,
627 1850 664 1903 et
686 1850 790 1925 caput
813 1853 1030 1930 amputatum
1054 1831 1211 1905 manibus
1236 1833 1391 1926 aliquam

174 1920 239 2025 diu
262 1923 428 1998 tenuiffe:
453 1924 546 2018 quod
573 1924 670 1998 redte
693 1949 833 2023 quoque
856 1926 1082 2023 reprehendit
1106 1925 1201 2022 Pagi.
1254 1925 1391 1999 Praeci-

170 2044 245 2123 pua
276 2020 362 2116 ejur-
381 2043 489 2130 opera
514 2019 695 2094 versantur
723 2021 818 2095 circa
847 2025 998 2121 logicam
1029 2041 1067 2096 et
1097 2020 1392 2130 metaphysicam,

174 2117 370 2215 multosque
394 2117 501 2189 libros
527 2113 725 2190 Aristotelis
753 2119 797 2189 in'
819 2117 971 2215 linguam
996 2116 1106 2192 vertit
1126 2118 1309 2206 Latinam,
1350 2140 1395 2191 ac

167 2212 439 2291 'commentariis
466 2208 656 2287 illustravit.
707 2212 801 2308 Jecit
817 2237 956 2324 quoque
973 2213 1201 2288 fundamenta
1228 2214 1386 2285 Theolo-

170 2313 258 2413 'giae
277 2305 552 2403 .Scholasticae,
594 2326 682 2404 quae
720 2307 966 2402 Philolophiae
999 2308 1051 2383 est
1099 2328 1137 2382 et
1172 2308 1390 2405 Theologiae

164 2406 336 2491 *mixtura
393 2397 544 2498 Scripsit
577 2422 756 2499 praeterea
786 2402 831 2476 de
863 2406 1069 2495 Trinitate,
1110 2423 1147 2477 et
1178 2403 1324 2477 duarum
1354 2405 1394 2479 in

146 2540 149 2546 ·
174 2501 316 2580 Christo
336 2519 533 2575 naturarum
552 2500 694 2579 unione.
744 2497 890 2573 Exstant
914 2503 988 2595 ejus
1011 2521 1137 2595 opera,
1161 2500 1312 2574 Balileae
1338 2502 1395 2575 in·

131 2654 134 2658 .
174 2595 315 2699 orcha,
359 2618 438 2667 cum
473 2593 646 2664 variorum
684 2598 943 2670 commentariis
962 2621 981 2669 ε·
1018 2595 1075 2669 sed
1114 2593 1393 2691 praestantissimi

161 2689 295 2791 'operis
320 2686 365 2761 de
387 2685 598 2782 consolatione
622 2689 843 2786 Philosophiae
867 2693 943 2766 sunt
967 2691 1170 2765 innumerae
1192 2689 1394 2787 editiones,

176 2808 215 2864 tt
246 2788 364 2860 variae
395 2781 659 2857 transsationes:
700 2789 822 2882 quibus
853 2783 923 2860 non
959 2788 1128 2862 inmoror.

92 2897 97 2903 ’
224 2879 493 2985 ᾗμΟΟΧΧΧΙΙ.
528 2879 755 2956 lllustriffimis
777 2904 885 2990 aeque
911 2906 952 2957 ac
984 2883 1180 2956 eruditione
1204 2884 1395 2978 praeclaris

177 2971 456 3059 idnun'terandus
480 2973 530 3048 est
553 2978 698 3050 Marcus
723 2979 882 3051 Aurelius
912 2977 1130 3078 Gaffiodorus,
1154 2980 1292 3052 Senator
1315 2983 1395 3056 exi·

165 3078 249 3150 mie
274 3072 346 3147 dici
373 3071 531 3159 solitus,
555 3073 649 3168 quod
676 3072 858 3171 proprium
881 3077 956 3171 ejus
978 3078 1060 3150 'erat
1084 3097 1227 3150 nomen.
1274 3078 1395 3152 Natus

162 3170 224 3246 'est
247 3166 431 3266 'scyllacii,
464 3188 551 3279 quae
575 3170 788 3243 Bruttiorum
817 3169 885 3243 fuit
909 3173 989 3246 urbs
1014 3170 1188 3270 primaria.
1226 3170 1292 3246 Vir
1321 3173 1394 3249 fuit

159 3266 383 3364 'praeclarus‚
424 3286 483 3360 qut
515 3263 552 3337 in
578 3264 873 3340 administratione
900 3268 1018 3342 Italiae
1049 3269 1109 3341 sub
1135 3267 1395 3362 theodorico,

172 3382 213 3438 et
230 3357 447 3447 Athalarico,
474 3378 514 3430 ac
539 3360 807 3449 succelioribus,
843 3362 1043 3438 Gothorum
1072 3362 1251 3456 Regibus,
1286 3368 1397 3440 maxi·

170 3480 262 3533 mam
285 3450 407 3527 habuit
432 3470 580 3548 partem.
632 3458 710 3528 Imo
735 3455 795 3529 sub
812 3456 993 3548 odoacro,
1021 3460 1235 3533 Herulorum
1263 3460 1388 3556 Rege,

171 3554 293 3631 Italiae
318 3546 521 3643 inperante,
564 3550 606 3625 ad
627 3553 805 3648 *praeclara
826 3576 986 3641 munera,
1027 3554 1140 3629 adhuc
1165 3552 1385 3644 adolescens,

156 3648 289 3726 'iuerat
313 3643 483 3717 admotus.
536 3645 617 3743 Quo
640 3671 660 3719 a
686 3646 917 3725 Theoderico
936 3648 1053 3738 νίἇὶο,
1086 3652 1123 3726 in
1150 3648 1253 3745 hujus
1274 3649 1386 3758 grati·

172 3767 228 3819 am
253 3739 371 3832 venit,
404 3738 441 3812 in
465 3738 605 3838 primis,
637 3742 730 3840 quod
754 3741 891 3819 Siculos
923 3747 1088 3834 rebelles,
1120 3746 1311 3840 eloquentia
1347 3767 1389 3822 et

170 3837 358 3916 autoritate
391 3835 466 3926 sua,
502 3858 544 3910 ac
575 3859 750 3913 armorum
776 3837 836 3928 vi,
879 3840 921 3914 ad
946 3843 1021 3939 ejut
1047 3839 1283 3917 obedientiam
1314 3859 1390 3917 tra·

168 3931 328 4028 duxerit:
362 3953 467 4027 quare
493 3929 642 4030 primum
666 3931 812 4010 Bruttiis
843 3953 880 4010 et
910 3937 1061 4014 Lucanis
1090 3932 1289 4035 praetenue
1312 3938 1386 4029 est,

170 4054 255 4111 mox
278 4023 356 4125 post
386 4051 514 4103 annum
548 4051 655 4104 unum
680 4028 870 4130 Quaestura
898 4031 1063 4122 donatus,
1105 4031 1186 4108 dein
1215 4032 1389 4129 Magister

155 4128 368 4211 'officiorum
393 4123 635 4221 renunciatur,
658 4124 813 4230 denique
830 4126 1030 4207 Praefedtut
1050 4127 1258 4222 Praetori03
1270 4150 1385 4299 §uam

146 4240 158 4283 t
553 4238 559 4247 ·
671 4274 677 4291 .
855 4285 857 4288 ,
1294 4243 1388 4318 ngat-
