3008 4830
720 510 742 525 S·

87 649 92 652 ⁸
226 642 282 748 86ι
500 621 503 635 ¹
618 655 769 758 fflstort'a
788 655 919 761 Renes.
944 656 1065 758 Christ.

227 838 445 928 vernonem,
483 838 593 938 vulgo
619 839 761 933 Italam,
802 839 922 1010 §ostea
948 834 1101 917 Veterem
1125 836 1279 933 dinam,
1324 837 1462 916 inustr'

837 939 870 1012 X
898 937 1116 1027 verstonetn,
1142 957 1298 1044 excepto
1315 936 1455 1012 Danie-

228 937 348 1027 suiffe,
373 937 511 1010 Graece
529 936 751 1033 loquentibus
769 938 799 1010 L

228 1036 281 1123 Ie,
307 1032 386 1128 qui,
412 1030 501 1106 teste
526 1033 765 1126 Hieronymo·
784 1033 827 1107 ad
851 1035 963 1126 Dan,
997 1058 1043 1110 ex
1074 1034 1344 1109 Theodotionis
1370 1055 1461 1106 ver«

228 1129 324 1202 stone
348 1128 547 1223 legebatur,
580 1125 638 1200 sed
662 1129 851 1204 secundum
876 1130 1012 1206 diversa
1033 1129 1262 1226 exemplaria:
1297 1131 1456 1203 Alexan

229 1223 323 1299 drini
355 1227 451 1297 enirn
476 1243 514 1299 et
536 1225 718 1323 AEgyptii
744 1228 931 1302 utebantur
954 1227 1116 1302 editione
1133 1226 1328 1324 Hesychii,
1356 1227 1457 1298 Con·

229 1319 474 1416 stuntinopolis
508 1321 616 1429 usque
647 1319 878 1430 Antiochiam
912 1323 1062 1398 Luciani
1096 1323 1289 1432 Martyris,
1314 1319 1455 1429 mediae

228 1415 324 1492 inter
346 1438 387 1490 ea
410 1416 487 1489 loca
512 1416 745 1513 provrnciae,
770 1420 826 1492 dia
848 1420 994 1493 Eusebii
1019 1439 1057 1494 et
1080 1420 1277 1515 Pamph1h3
1303 1437 1342 1491 ut
1360 1419 1459 1511 Hreg

230 1534 307 1588 ron.
332 1509 440 1608 praef.
466 1513 508 1584 ad
534 1513 659 1585 librum
683 1514 882 1608 Paralipom.
909 1515 1031 1589 rcfe'rt.
1081 1517 1138 1588 De
1166 1515 1290 1612 quibus
1317 1510 1460 1610 verbo-j·

231 1607 334 1684 nibus
370 1607 431 1682 hic
456 1607 620 1681 differere
653 1630 725 1681 non
749 1609 847 1682 licet.
903 1633 935 1705 3.
960 1609 1086 1684 nenio
1123 1612 1321 1707 Evangelii,
1354 1605 1456 1704 quod·

230 1704 381 1780 nostram
401 1720 555 1777 meretur
573 1700 836 1789 adtentionern,
857 1708 988 1802 majore
1003 1729 1085 1780 curn
1099 1706 1327 1797 reverentia,
1345 1727 1455 1801 quam·

230 1802 442 1896 reliquorum
465 1795 651 1891 librorum,
692 1799 782 1874 fatua
810 1799 872 1878 est.
920 1801 1097 1876 Usttatum
1124 1802 1266 1900 quidem
1300 1798 1453 1876 eratin

231 1895 393 1970 omnibus
412 1892 664 1987 Leffionibus,
693 1913 733 1971 ut
760 1895 936 1972 Diaconos
959 1900 1204 1997 praemitteret
1229 1901 1319 1972 clara
1355 1914 1458 1969 voce‘

231 1997 431 2164 eon
691 1992 907 2164 nen
923 1996 1002 2165 n
1018 1996 1312 2166 nuru.
1326 1992 1455 2162 Cre

230 2185 383 2282 reliquae
408 2182 537 2282 Script.
563 2184 600 2258 S.
623 2112 740 2279 parites
764 2206 784 2256 a
808 2184 1037 2279 Lenoriuus,
1062 2187 1131 2261 sola
1160 2145 1332 2282 euangelia,
1348 2206 1452 2282 prae·

231 2283 475 2379 legebantura
499 2278 659 2353 Diacono
677 2335 688 2371 ,
708 2280 764 2353 vel
789 2278 1024 2377 Presbytero,
1050 2282 1168 2357 Const.
1202 2283 1272 2379 Ap.
1308 2282 1356 2355 II:
1389 2302 1453 2373 57.

232 2376 374 2454 Sozom.
407 2378 456 2451 H.
489 2375 575 2451 VII.
613 2397 669 2467 19.
695 2373 754 2473 qui
779 2376 953 2451 nonnullis
979 2377 1016 2450 in
1033 2378 1165 2453 caslbus
1181 2377 1217 2452 id
1233 2381 1275 2452 ab
1300 2377 1454 2474 Episco-

232 2476 282 2583 po
305 2473 405 2563 fieri,
430 2491 467 2547 et
493 2471 727 2552 Alexandriae
752 2471 862 2546 asolo
879 2473 1165 2565 Archidiacono,
1186 2493 1312 2548 narrat.
1363 2475 1457 2546 Mo··

230 2570 278 2667 ris
303 2592 442 2670 quoque
466 2587 559 2657 erut,
605 2588 645 2640 ut
671 2569 713 2642 ad
737 2567 1005 2663 Euangeliorum
1031 2571 1221 2645 tectionem
1239 2593 1360 2643 omnes
1380 2569 1452 2641 sur·

233 2682 428 2838 {griffini
441 2661 1453 2871 ‚stiifon{eaesiiffigriii'nlrincrbnetauciiyiiiiinhiffz'onil

206 2877 385 3030 -IIIIn
400 2857 687 3058 IrnIIIII.
705 2853 1453 3060 IIIIIIII.&nodedun..3¹3

139 3078 141 3083 ·
235 3049 355 3126 sedin
381 3045 557 3120 Africanis
580 3044 743 3122 Ecclesris
767 3048 809 3123 ad
837 3072 959 3124 omnes
983 3049 1112 3147 Script.
1140 3050 1175 3124 S.
1201 3046 1368 3122 lebitones
1383 3044 1452 3121 sta·

236 3149 341 3235 bant,
378 3159 423 3218 'et
453 3141 615 3218 homilias
649 3164 719 3221 etc.
742 3143 876 3244 stantes
910 3146 1107 3222 audiebant.
1163 3145 1219 3218 Au
1248 3142 1310 3218 ust.
1352 3143 1455 3241 horn.

236 3243 376 3317 XXVI.
404 3260 490 3314 tom.
515 3243 559 3313 X.
585 3240 672 3315 Vid.
698 3261 735 3315 et
761 3242 875 3315 Vales.
909 3243 950 3315 ad
985 3241 1191 3338 Philostorg.
1270 3298 1279 3315 .
1314 3241 1380 3314 III:
1415 3253 1453 3332 55

307 3396 314 3412 .
340 3336 542 3425 LXXXIII.
568 3335 714 3408 'Locum
737 3352 775 3406 et
799 3335 863 3408 alia
886 3339 1104 3411 reverentiae
1123 3336 1215 3433 signa
1229 3337 1451 3425 habuerunt,

237 3456 258 3512 a
289 3429 521 3529 uperstitione
538 3451 609 3502 non
634 3429 810 3520 inmunia,
836 3453 925 3528 quae
946 3431 1011 3507 hac
1029 3431 1209 3507 occasione
1225 3430 1372 3507 stridtim
1398 3455 1455 3504 re·

238 3530 401 3617 censebo.
461 3529 503 3600 In
536 3524 793 3624 Episcoporutn
818 3526 1108 3605 ordinationibus
1147 3528 1262 3603 codex
1302 3550 1457 3626 euange·

237 3626 363 3704 liorunn
387 3622 495 3718 capiti
520 3622 704 3697 ordinandi
729 3621 798 3695 fuit
821 3622 1003 3720 impofirus
1029 3625 1146 3701 Const.
1175 3625 1247 3722 Ap.
1275 3626 1379 3699 VIII:
1415 3645 1455 3714 44

239 3742 279 3797 et
299 3718 475 3816 Chrysost.
501 3718 545 3792 de
560 3720 710 3795 laudibus
731 3719 898 3817 Euangel.
940 3723 1134 3818 Euangeiio
1159 3744 1297 3818 quoque
1320 3721 1357 3795 in
1381 3741 1457 3791 me·

236 3818 297 3894 dio
323 3816 437 3914 posito
455 3821 627 3914 jurarunt.
676 3815 796 3914 Chrys.
821 3817 1017 3894 bom..VII
1041 3839 1078 3892 et
1103 3819 1204 3893 XIV.
1231 3819 1273 3890 ad
1306 3817 1457 3914 populum

237 3915 490 4017 Antiochenam,
524 3915 594 4024 ubi·
613 3910 731 4005 addit,
765 3937 879 3988 coram
904 3914 1014 4009 mensa
1027 3914 1132 4009 sacra
1157 3912 1192 3985 id
1227 3913 1329 4025 neri3
1363 3911 1460 4010 quod

233 4030 358 4101 ,tamen
384 4007 636 4106 reprehendit:
669 4009 715 4083 src
740 4028 777 4082 ct
802 4028 915 4083 autor‘
931 4013 1035 4106 operit
1059 4013 1157 4104 Inper
1176 4011 1234 4079 eur
1258 4031 1294 4080 1n
1321 4010 1460 4087 Matth.

228 4105 332 4255 flinter
347 4128 455 4228 opera
483 4103 662 4205 Chrysost.
685 4107 785 4182 hom.
807 4106 969 4253 XLIII,
993 4125 1031 4181 et
1055 4106 1121 4180 XI:
1181 4159 1190 4178 .
1215 4102 1273 4202 qui
1295 4103 1464 4270 adiistis*

324 4218 329 4228 .
390 4216 396 4226 .
433 4214 439 4231 .
590 4247 598 4256 ἱ
1350 4221 1396 4293 up
1436 4239 1454 4257 ι
