3074 4838
160 678 232 762 392
525 644 966 754 ffifioria··Ect1es‚Cltriss·
1058 694 1062 699 -

160 831 230 924 rit,
271 847 313 906 nt
341 826 443 927 hujus
482 827 536 905 rei
563 827 696 926 peritur
726 823 851 924 sponte
881 828 941 905 sua
971 825 1077 911 facile
1103 823 1383 927 deprehensa

160 929 309 1027 poterit.
358 926 440 998 Fuit
465 946 646 1023 praeterea
673 924 950 999 vehementioris
969 924 1116 1016 indolis,
1141 944 1202 1016 et,
1230 928 1378 1001 modun

161 1024 325 1120 nusquam
360 1038 502 1107 tenens,
545 1019 663 1092 omnia
699 1020 735 1090 ln
768 1042 964 1095 extremum
997 1021 1124 1117 rapuit.
1173 1021 1216 1095 ln
1251 1021 1376 1097 amicit

163 1115 360 1202 laudandis,
385 1115 588 1188 adversariis
613 1111 904 1211 perstringendis,
932 1115 1170 1204 traducenda,
1196 1114 1382 1193 invidiose·
1414 1182 1418 1188 .

159 1211 375 1297 refutandis,
409 1212 519 1282 nullos
545 1212 645 1283 novit
667 1211 806 1283 limites.
859 1211 967 1284 Vitae
992 1231 1171 1307 praeterea
1195 1209 1375 1287 Monadi·

159 1330 222 1383 cae
250 1308 377 1379 nimius
403 1304 473 1379 fuit
494 1306 667 1394 laudator,
692 1325 728 1378 et
752 1302 854 1377 nimis
877 1304 1006 1400 rigidus
1023 1304 1189 1394 feriator,
1212 1323 1237 1379 a·
1253 1302 1373 1403 super·

159 1400 305 1478 stitione
340 1423 411 1473 non
444 1400 616 1482 inmunis;
660 1398 860 1495 nuptiarum
895 1423 1035 1496 quoque
1067 1421 1295 1476 contemtor:
1335 1398 1375 1479 in

161 1496 349 1572 scribendo
377 1493 481 1570 nimis
507 1494 673 1583 lestinns,
708 1496 855 1590 vulgatis
879 1493 1121 1588 opinionibus,
1150 1497 1261 1570 etiam
1285 1518 1374 1572 con·

160 1610 212 1669 tra
237 1590 411 1688 propriam
436 1587 613 1676 mentem,
652 1587 753 1685 saepe
775 1590 846 1662 sese
870 1592 1159 1680 adcommodans;
1199 1593 1373 1681 aliorum,

92 1758 96 1767 .
157 1711 198 1765 ut
213 1689 445 1785 Judaeorum,
471 1683 657 1758 sententias
674 1686 855 1758 recensens
873 1691 1000 1783 magis,
1027 1709 1127 1782 quarn
1145 1688 1380 1778 examinans,

107 1844 110 1849 ·
158 1805 221 1862 aut
246 1783 461 1878 adprobant,
502 1779 552 1854 ita
568 1797 616 1852 ur
642 1782 689 1854 ab
721 1778 796 1875 ejus
827 1782 1052 1877 opinionibus
1084 1779 1186 1878 saepe
1215 1780 1372 1857 discerni

160 1894 358 1974 nequeant:
391 1875 539 1971 denique
564 1874 699 1965 varius,
731 1894 769 1948 et
792 1874 854 1950 srbi
877 1901 949 1950 non
973 1874 1156 1965 constans,
1186 1878 1377 1976 allegoria„

158 1995 236 2048 rum
269 1993 405 2067 quoque
439 1969 616 2045 studiosus.
664 1971 831 2046 Attamen
853 1969 1030 2068 praestitit
1060 1970 1235 2048 Eccleliae
1268 1972 1376 2071 insag-

161 2091 246 2145 nem
271 2065 461 2141 utilitatem
486 2065 523 2139 in
542 2067 771 2161 Scripturas.
796 2067 987 2159 vertenda,
1010 2067 1168 2165 Linguae
1187 2070 1378 2145 Hebraeae

156 2160 271 2239 studio
294 2183 375 2236 cum
398 2184 439 2235 ea
457 2161 659 2257 jungendo,
683 2161 894 2256 Judaeorum
914 2161 1266 2260 interpretationibus
1289 2189 1375 2262 pro·

156 2260 346 2344 ducendis,
385 2275 422 2331 et
446 2257 551 2330 multa
583 2255 801 2353 Philologita
830 2281 871 2332 ac
902 2257 1081 2333 Historica
1114 2256 1377 2357 suppeditando

156 2357 200 2434 ad
225 2352 495 2449 Prophetiarum
520 2351 756 2443 intelletium,
779 2355 815 2426 in
843 2353 958 2450 specie
984 2353 1148 2431 Danielis.

168 2537 172 2545 Ι
201 2449 234 2549 s.
259 2449 357 2523 XIX.
398 2444 620 2545 Augustanus,
652 2449 696 2522 de
723 2472 794 2545 quo
819 2472 865 2524 ex
891 2446 1117 2547 confefflonatn
1140 2449 1216 2547 ejus
1237 2468 1278 2527 et
1299 2450 1375 2541 Re,-

153 2549 380 2624 nauatam
410 2544 507 2618 libris
539 2544 646 2617 multa
703 2545 751 2616 eti
786 2541 954 2639 possunt,
995 2547 1159 2643 cujusque
1195 2547 1306 2639 vitant
1331 2565 1380 2623 et

155 2641 284 2737 scripta
309 2660 355 2711 ert
390 2638 584 2713 Veteribus
605 2639 656 2709 Po
695 2633 791 2728 dius,
823 2640 878 2713 vel
900 2640 1134 2734 Poffidonius,
1167 2643 1245 2740 ejus
1267 2640 1375 2718 sarni·

155 2736 245 2815 liaris
269 2750 306 2806 et
333 2730 537 2830 discipulus,
563 2731 740 2821 Calanae,
790 2757 876 2832 rope
894 2735 946 2809 Hi
975 2761 1124 2830 ponem,
1148 2738 1372 2836 Episcopus,

156 2832 219 2933 qui
243 2828 409 2926 operibus
443 2828 517 2926 ejus
550 2825 694 2923 adjungi
726 2757 834 2919 soiet,
877 2855 922 2904 ex
991 2833 1226 2908 ecentioribua
1258 2858 1379 2931 vero,

153 2944 296 3029 praeter
326 2924 412 2999 alios
438 2921 657 3012 innumeros,
688 2925 858 3020 prolixius
884 2946 921 2999 et
946 2927 1142 3005 adcuratius
1164 2928 1373 3004 benedidi-

154 3027 212 3120 ni,
247 3039 332 3097 torn.
359 3019 422 3093 xl.
449 3018 559 3114 Oper.
583 3016 793 3118 Augustini,
833 3020 938 3096 deseri
966 3020 1100 3117 serunt,
1131 3022 1376 3122 Augustinus,

153 3121 319 3214 inquam,
361 3135 400 3191 ut
425 3116 557 3192 summa
580 3138 694 3188 rerum
722 3114 837 3215 capita
853 3045 1112 3288 ,perirmpam
1157 3120 1195 3195 in
1217 3123 1383 3199 obscuro

152 3209 345 3289 Numidiae
369 3210 503 3309 oppido
535 3207 730 3308 Thagasta,
762 3235 808 3285 ex
834 3212 989 3289 honestis
1027 3214 1069 3287 ed
1093 3215 1372 3313 pauperioribus

166 3307 374 3395 arentibus,
409 3303 557 3379 Patricio
581 3304 674 3380 urbis
698 3303 876 3403 municipe
901 3329 939 3385 et
969 3308 1113 3407 gentili,
1156 3333 1194 3384 et
1215 3304 1380 3395 Monica'

17 3480 20 3489 ,
152 3333 364 3506 ἓὴήῆίαηᾳ,
390 3419 509 3490 natus,
535 3420 572 3474 et
596 3399 850 3491 Mandaururn,
882 3404 1034 3479 vicinum
1056 3406 1250 3503 oppidum,
1288 3407 1369 3485 mis·

152 3501 227 3587 sus,
253 3516 291 3569 ut
314 3495 437 3568 lttteris
460 3495 682 3586 inbueretur,
707 3497 847 3571 Latinas
870 3502 960 3574 bene
988 3500 1140 3593 dedicit,
1167 3501 1225 3577 sed
1253 3505 1373 3582 Grae·

152 3620 211 3675 cas
240 3587 394 3698 modice.
442 3589 801 3701 Indecarthaginem
835 3595 1011 3691 ablegatus
1033 3590 1264 3696 eloquentiae
1283 3625 1376 3698 ope-

150 3700 225 3766 r'a'm
252 3687 370 3775 dedit,
397 3682 455 3760 l'ed
480 3687 576 3762 simul
594 3688 831 3775 libidinosam,
856 3691 1060 3788 cumtaliqtta
1077 3690 1259 3768 honestate
1275 3718 1368 3773 con·

147 3782 323 3888 junsiam,
349 3780 448 3878 degit
471 3783 602 3872 vitam,
627 3783 840 3860 concubinae
855 3784 1068 3877 adsociatus,
1094 3815 1139 3864 ex
1158 3814 1226 3885 qua
1248 3790 1364 3870 lilium

178 3877 337 3977 rogenuit
361 3877 603 3963 Adeodatum,
648 3901 793 3973 magnae
826 3881 967 3989 quidem
995 3881 1087 3977 spei,
1127 3885 1185 3959 sed
1213 3886 1251 3960 in
1279 3888 1367 3963 ado·

149 3908 316 4055 linenda
340 3993 526 4049 mortuum.
579 3974 665 4047 Cum
692 3994 808 4048 autem
834 3975 884 4048 rbi
915 3975 1174 4074 Philosophicaa
1199 3980 1359 4057 hanlilset

144 4069 326 4177 scientias,
359 4088 397 4146 et
421 4070 465 4147 ad
491 4069 614 4150 altiora
638 4064 800 4167 spiraret,
829 4068 958 4149 incidit
981 4071 1019 4151 in
1039 4077 1293 4175 Manichacus,
1313 4093 1366 4251 εἰ,
