3074 4838
299 383 303 392 ·
1346 39 1499 390 ¹

292 420 297 427 a

165 548 168 555 ι

663 586 770 664 secur
796 587 890 685 η·
936 624 995 688 .·
1309 595 1390 713 aaa!

163 763 422 867 Hierosolymis
443 763 624 864 odorasse..
652 767 752 842 luter
769 763 964 860 sanilorum
991 763 1153 864 reliquias
1183 767 1379 849 retulerunt

161 867 343 963 pulverem
367 891 388 941 e
414 863 608 938 sanctorum
633 862 772 938 tumulis
802 863 1005 956 conessum,
1045 886 1178 960 pannos
1200 863 1251 936 eis
1274 862 1385 960 inpo··

162 963 266 1051 suos,
289 963 397 1038 flores
419 984 439 1032 a
464 958 624 1034 fidelibus
645 959 693 1034 ibi
717 957 869 1056 sparsos,
904 959 981 1034 olea
1014 959 1209 1057 lampadum
1239 956 1289 1032 ibi
1323 970 1383 1030 ar·'

163 1056 341 1148 dentium,
384 1056 473 1152 ipsas
502 1078 606 1151 aquas
631 1078 677 1130 ex
695 1053 823 1129 vicinis
840 1055 956 1152 put‘eis
985 1053 1140 1145 haustas,
1180 1073 1217 1129 et
1241 1052 1376 1129 similia.

163 1153 255 1227 Vid.
289 1171 426 1248 praeter
458 1149 545 1226 alios
584 1151 694 1228 etiam
721 1152 871 1244 Gregor.
898 1150 1035 1225 Turon.
1070 1149 1172 1226 variis
1206 1151 1243 1226 in
1277 1150 1382 1228 locis.-

161 1249 382 1343 Stupendum
418 1246 535 1345 viguit
568 1247 880 1347 conquirendorum
907 1264 944 1318 et
983 1247 1269 1323 adservandarum
1298 1242 1378 1321 reri-

162 1346 322 1440 quiarum
339 1343 504 1432 studium,
528 1342 659 1418 summa
673 1367 754 1419 curn
778 1340 983 1417 devotione.
1031 1343 1118 1419 Vid.
1146 1343 1244 1416 Idem
1267 1341 1379 1434 ibid,

163 1461 204 1515 et
227 1439 324 1536 epist.
346 1464 407 1534 30.
432 1439 492 1511 lib.
518 1438 583 1513 111.
607 1441 649 1513 ad
675 1435 937 1515 Constantinam
965 1435 1177 1535 Augustam,
1202 1437 1262 1512 ubi
1284 1438 1382 1514 inter'

161 1534 229 1615 alia
253 1536 423 1623 declarat,
465 1555 614 1628 corpora
638 1552 675 1615 et
707 1531 871 1630 reliquias
901 1532 962 1606 vix
989 1533 1060 1608 srne
1083 1532 1265 1607 manifesto
1287 1535 1381 1631 judi·

165 1633 226 1706 cio
248 1651 287 1707 et
313 1625 573 1726 laefionetangi
616 1629 708 1722 offe,
733 1648 801 1703 ram
820 1627 899 1701 sunt
917 1628 1008 1704 sacra
1033 1649 1070 1702 et
1089 1630 1307 1723 veneranda,
1326 1631 1379 1706 in·

169 1728 264 1825 quit,
294 1726 383 1803 adeo
408 1744 447 1799 ut
480 1653 613 1822 anquis
630 1726 675 1799 de
698 1725 740 1798 iis
763 1721 997 1799 transmittere
1032 1748 1104 1800 non
1136 1727 1260 1824 poffit,
1297 1746 1381 1825 pro·

164 1826 312 1900 mittens
344 1840 496 1910 tantum,
529 1821 574 1893 de
599 1818 735 1895 catenis
755 1817 877 1907 Pauli,
915 1819 1033 1895 multis
1057 1821 1227 1897 miraculis
1260 1822 1382 1917 claris,

164 1917 247 2016 quid
274 1917 450 1992 missurum
476 1914 557 1990 esse.
609 1914 696 1991 Vid.
731 1933 769 1990 et
804 1915 825 1987 Ι.
852 1915 881 1989 Ι.
914 1938 971 2011 ep.
997 1940 1054 2010 30.
1088 1920 1134 1991 11:
1160 1943 1216 2015 ep.
1244 1942 1300 2015 33.
1327 1920 1379 1998 V:
1443 1949 1448 1962 ¹

164 2039 223 2110 ep.
247 2037 305 2105 51.
340 2032 378 2086 ot
401 2009 522 2086 homil.
548 2032 607 2101 52.
642 2009 680 2086 in
705 2008 917 2105 Euangelia,
957 2011 1016 2086 ubi
1048 2009 1142 2085 inter
1173 2014 1237 2087 alia
1271 2014 1378 2108 dicit,

163 2113 208 2187 od
231 2109 394 2207 exstincta
416 2130 521 2182 eorum
545 2127 675 2201 corpora
700 2111 844 2182 niventes
861 2109 952 2202 aegri
975 2111 1125 2198 veniunt,
1149 2124 1181 2179 et
1190 2107 1382 2205 sonantur,

154 2211 283 2305 perjuri
309 2210 459 2295 veniunt,
483 2221 514 2278 er
541 2228 563 2275 a
587 2203 764 2277 Daemonio
783 2219 967 2291 vesamum
1001 2205 1201 2278 daemoniaci
1223 2209 1378 2299 veniunt,

163 2321 198 2378 st
222 2305 412 2375 liberantur.
463 2297 522 2373 sie
556 2319 594 2372 et
619 2298 866 2385 Childeberto,
897 2299 992 2393 Regi
1019 2301 1252 2389 Francorum,
1291 2301 1383 2381 dicit

163 2423 223 2494 cp.
251 2404 284 2469 6.
310 2393 366 2468 lib.
391 2398 441 2470 V.
464 2395 506 2489 se
534 2397 662 2468 mittere
688 2397 797 2470 claves
818 2393 931 2480 Petri,
977 2397 1012 2465 in
1037 2397 1210 2491 quibusda
1241 2386 1381 2472 vinculis

161 2510 349 2572 cutenorum
370 2495 442 2588 ejus
459 2490 620 2587 inclusum
645 2489 711 2588 esi,
746 2514 846 2586 quoe,
878 2489 954 2561 collo
970 2494 1042 2586 ejus
1056 2489 1245 2588 suspensae,
1268 2516 1290 2565 a
1314 2519 1386 2570 ma·

163 2596 207 2668 lis
234 2591 377 2663 erunibus
401 2602 566 2661 tueantur.
614 2587 741 2675 Unde,
769 2607 805 2660 ut
830 2606 875 2656 err
900 2585 921 2660 l.
946 2587 994 2661 11.
1020 2610 1076 2685 ep.
1102 2612 1135 2684 3.
1161 2605 1278 2683 patet,
1304 2615 1382 2667 cru·

167 2709 229 2762 ces
254 2684 378 2772 fuisse,
403 2704 481 2756 cum
500 2680 679 2775 reliquiis,
714 2681 805 2754 collo
830 2677 1015 2773 suspensas.
1063 2682 1188 2757 Delata
1220 2683 1271 2758 est
1291 2688 1383 2782 jussu

169 2777 339 2878 Gregorii
372 2778 523 2851 Romam
556 2779 667 2849 runica
699 2774 869 2872 Johannis
898 2775 1160 2872 Evangelistae,
1203 2798 1242 2851 ut
1276 2784 1384 2856 tradit

163 2879 188 2955 l.
206 2880 252 2953 11.
272 2900 329 2972 ep.
343 2898 375 2970 3.
394 2874 436 2949 ad
453 2873 650 2970 Johannem
669 2871 864 2961 Abbatem,
891 2894 978 2969 quae
994 2873 1113 2948 multis
1129 2871 1321 2965 miraculis,
1341 2896 1379 2951 ut

165 2973 368 3059 ferebatur,
396 2986 469 3042 erat
492 2967 658 3059 celebris,
684 2967 767 3064 Joh.
791 2965 973 3042 Diaconos
988 2969 1053 3044 vit.
1080 2968 1242 3065 Gregorii
1270 2972 1289 3043 l.
1316 2974 1380 3056 ΙΙΙ.

164 3093 199 3146 c.
226 3090 284 3158 54.
337 3069 485 3139 Inventa
517 3065 624 3138 etiam
654 3082 811 3138 narratur
835 3071 948 3139 runica
981 3064 1129 3151 Christi,
1172 3090 1190 3139 a
1216 3065 1384 3143 militibus

166 3166 304 3256 integra
328 3160 467 3250 relisla,
499 3179 534 3233 et
553 3160 695 3249 sortita,
730 3160 908 3232 recondita
933 3157 971 3232 in
995 3162 1079 3243 urbe
1107 3163 1244 3259 Joppe‚
1289 3167 1383 3239 unde

167 3258 454 3351 Hierosolymam
483 3253 533 3328 est
559 3257 695 3347 delata,
729 3253 913 3353 Fredegar.
933 3255 969 3327 in
990 3255 1119 3332 Chron.
1146 3279 1176 3328 c.
1208 3282 1260 3333 rr.
1309 3262 1383 3334 Ad·

160 3355 270 3438 ,datur
295 3355 504 3426 Fortunatus
537 3349 558 3424 l.
585 3349 655 3427 VI.
688 3351 901 3432 carminum.
942 3350 1144 3428 Gennadius
1168 3353 1383 3429 Maffiliensrs

159 3451 213 3527 de
236 3445 429 3523 Ecclesiast„
462 3447 616 3543 dogmat.
650 3469 681 3522 c.
707 3468 765 3544 73.
792 3468 829 3522 et
854 3446 1025 3538 Euagrius
1056 3450 1105 3522 H.
1140 3450 1208 3524 IV:
1237 3460 1292 3528 28.
1320 3450 1381 3524 ubi

154 3547 370 3632 ,miraculum
401 3560 573 3628 memorat
607 3566 669 3634 per
703 3543 864 3640 reliquias
896 3542 1010 3640 Sergii
1044 3543 1182 3622 fassum.
1233 3547 1383 3643 incepe-

165 3662 250 3719 runt
276 3641 383 3715 etiam
405 3635 444 3724 in
468 3636 672 3712 decidendis
697 3638 950 3736 quaestionibus
977 3639 1061 3716 fidei
1085 3645 1126 3715 ad
1153 3637 1257 3712 sanni
1276 3641 1382 3716 alicu·

171 3742 223 3810 'us
238 3734 368 3821 mortui
386 3755 582 3828 provocare
595 3731 777 3829 judicium.
809 3734 868 3810 Sic
884 3735 1015 3810 Avitus
1034 3732 1245 3812 Viennenfis
1257 3733 1293 3809 in
1309 3739 1382 3812 col·
1447 3809 1451 3817 ,

179 3829 299 3906 atione
332 3855 414 3905 cum
447 3826 618 3916 Arianis,
659 3851 775 3926 coram
806 3853 892 3930 rege
924 3826 1208 3928 Burgundionum
1236 3829 1384 3906 Gundo-

154 3927 290 4011 ‘baldo,
316 3926 412 4021 cujus
437 3924 584 3998 memini
603 3923 642 3999 in
662 3925 732 3999 vita
747 3922 867 4014 Aviti,
893 3925 930 4000 in
947 3926 1160 4007 haecverba
1184 3928 1383 4017 concludit,

140 4025 194 4130 ,β
215 4021 508 4130 rarionesgnrfiras
526 4021 597 4099 iilos
620 4037 682 4100 non
700 4017 827 4195 ploffisnt
851 4027 1054 4136 convincere,
1077 4043 1137 4131 non
1155 4023 1284 4116 dodilo,
1293 4025 1385 4193 lgm

753 4140 892 4220 PPP3
1236 4139 1239 4144 ’
1288 4164 1290 4168 ’
1331 4142 1388 4209 Μ-
