3008 4830
520 648 801 785 'renutu
904 706 908 713 ·
1244 699 1332 801 3„

67 879 302 982 antiquissima
324 876 394 953 fuit
411 878 641 955 consuetudo.
668 875 845 978 chrysost.
869 876 966 952 bum.
991 873 1166 957 XXXVI.
1196 874 1235 953 in
1253 894 1297 961 tr·

67 984 113 1057 ad
131 978 295 1056 Corinth.
319 977 394 1051 olim
412 999 517 1050 onnes
532 980 566 1049 in
590 1001 688 1051 unum
709 978 899 1074 congregati
921 980 1077 1052 cummuni
1100 999 1175 1052 vute
1192 999 1288 1052 cunt·

64 1083 168 1153 bmt:
205 1076 289 1171 quod
323 1089 355 1145 et
387 1096 444 1146 nos
477 1075 565 1146 lodie
588 1071 753 1168 facimus.
805 1074 905 1178 Quae
934 1070 1081 1147 canendi
1112 1070 1205 1147 ratio
1237 1070 1299 1151 di·.

69 1180 218 1250 cebatur
235 1171 402 1270 roppolus
423 1171 627 1266 Syrnplronr'u.
666 1170 831 1243 Secundus
854 1167 977 1242 modus
999 1165 1112 1242 detur
1133 1177 1295 1268 ὀπιφυνα

75 1270 265 1365 Antipsronu
290 1272 360 1357 est,
415 1290 484 1356 uo,
514 1264 667 1351 Ecclesia
694 1264 732 1338 in
755 1267 840 1341 duas
858 1263 973 1339 diuisa
998 1264 1146 1355 choros,
1189 1266 1293 1344 eburi

75 1366 270 1440 alternatim
296 1290 492 1463 psalleisant.
526 1362 662 1455 Sperat.
696 1353 745 1435 H.
777 1362 846 1434 VI:
875 1370 908 1441 8.
931 1364 1022 1449 sputu
1045 1362 1208 1458 &nostae
1230 1364 1294 1440 ad«

85 1465 203 1559 pellat,
239 1457 445 1534 Ambrosius
468 1457 510 1531 ad
535 1458 750 1532 Hexaemer.
775 1456 990 1554 responfirriu,
1023 1482 1044 1532 a
1069 1463 1167 1554 cujus
1202 1481 1290 1555 tem·

80 1582 165 1656 pore
200 1581 268 1654 per
291 1555 529 1631 Occidentem
565 1553 708 1650 coepit:
742 1555 816 1629 vid.
866 1555 1028 1628 Paulinus
1051 1553 1088 1627 in
1112 1559 1183 1628 nita
1206 1557 1296 1631 Am·

81 1650 205 1744 brolii,
234 1673 272 1725 et
291 1648 439 1746 August.
462 1646 607 1725 confess.
632 1651 696 1723 lX:
723 1671 757 1743 7.
816 1650 885 1724 Sed
915 1673 981 1745 per
1006 1648 1195 1725 Orientem
1217 1653 1292 1749 jam

75 1771 160 1824 ante
195 1746 377 1837 obtinuit,
420 1762 459 1818 ut
488 1745 597 1819 refert
629 1745 769 1820 Basrlius
798 1747 865 1843 Ep.
889 1751 932 1820 ad
964 1745 1195 1821 Neo-caesar.
1229 1753 1290 1842 63.

75 1845 230 1945 Quando
245 1864 367 1919 autem
384 1842 422 1916 in
450 1841 596 1916 Oriente
617 1839 753 1943 incepit
774 1839 948 1916 incertum
974 1839 1036 1915 est.
1080 1844 1215 1919 Socrat.
1240 1843 1295 1918 H.

73 1944 144 2016 Vl:
181 1949 216 2020 8.
250 1964 296 2015 er
322 1937 511 2012 traditione
544 1937 674 2027 refert,
716 1937 891 2035 originem
924 1938 963 2012 in
988 1937 1142 2014 Ecclesia
1165 1939 1298 2013 Antius

77 2038 192 2111 thena
218 2038 262 2109 ab
288 2036 430 2132 Ignatio
453 2030 522 2107 effe
546 2032 788 2130 repetendam.
847 2033 916 2108 Sed
949 2032 1008 2107 cui
1040 2033 1106 2108 alia
1136 2033 1295 2125 obstant,

82 2135 138 2206 De
163 2131 304 2229 quoad
328 2130 393 2204 sec.
422 2130 474 2218 1.,
499 2129 559 2202 ubi
587 2130 625 2200 de
649 2145 748 2202 contu
760 2127 882 2227 sucro,
907 2128 1073 2225 exposui:
1107 2153 1213 2227 quare
1237 2128 1298 2204 lric

78 2226 166 2302 nibil
184 2227 289 2301 addo.
336 2227 466 2298 Tertius
488 2224 640 2323 denique
665 2224 734 2315 est,
761 2251 831 2324 quo
855 2244 1082 2323 praecentor,
1107 2227 1292 2319 turcanis,

81 2326 219 2399 versum
245 2323 461 2419 incipiebat,
488 2340 524 2393 et
542 2322 691 2418 populus
716 2322 752 2395 se
776 2325 810 2396 ei
833 2319 872 2394 in
890 2319 1060 2394 versiculo
1078 2347 1115 2396 re
1144 2326 1295 2414 etend0,

79 2423 138 2493 vel
155 2420 193 2493 in
212 2418 379 2510 clausula,
406 2417 636 2514 adjungebat,
661 2416 753 2513 quod
771 2422 895 2512 sanxere
901 2416 1071 2513 succurere
1085 2349 1299 2515 acipellatur,

81 2515 228 2591 subinde
260 2515 368 2588 etiam
399 2511 539 2590 seorsus
570 2531 607 2586 et
638 2518 793 2608 suades,
835 2519 922 2591 licut
956 2512 1064 2609 ipsum
1098 2515 1301 2610 responsum

84 2614 209 2694 draus.
261 2611 348 2686 Vid.
381 2611 620 2685 Montfalcon.
651 2614 690 2685 in
721 2610 859 2686 monito
890 2611 933 2685 ad
965 2608 1087 2707 Chrys.
1124 2610 1222 2685 hom.
1256 2607 1301 2685 ad

87 2711 137 2784 Pl.
169 2710 266 2783 XLI.
309 2709 379 2802 Op.
416 2727 440 2782 t.
468 2709 517 2804 V.
544 2706 605 2779 ubi
642 2727 680 2780 et
722 2710 787 2782 alia
824 2708 894 2782 huc
927 2704 1142 2802 pertinentia
1175 2706 1299 2783 refert.

85 2807 249 2881 Vocatur
275 2824 413 2900 quoque
437 2800 554 2877 const.
580 2801 650 2898 Ap.
675 2804 723 2878 II:
750 2828 809 2897 57.
844 2804 886 2878 rol
909 2810 1072 2901 ὰςοςιχιι
1092 2802 1304 2895 sordulentos

81 2920 231 2975 extrema
254 2899 400 2992 uersuum
423 2898 615 2995 succinere,
655 2900 734 2973 alias
767 2899 873 2975 etiam
896 2901 1097 2997 ὁποψαλμω,
1126 2900 1304 2998 studemus

85 3007 319 3095 agneramus,
348 2994 501 3091 lesprtor:
536 3016 623 3090 quae
647 3019 756 3071 voces
780 2997 906 3071 eodem
924 3001 1084 3072 redeunt.
1133 3000 1221 3072 lllud
1244 2998 1305 3073 ad·

88 3096 162 3168 buc
185 3115 348 3181 notetur,
374 3118 446 3168 non
473 3096 611 3184 semper
637 3111 794 3165 extrema
817 3093 1003 3185 versuum,
1030 3093 1087 3166 sed
1116 3113 1154 3167 et
1176 3090 1307 3168 clausu·

87 3193 157 3275 las.
182 3189 319 3264 Psalmis
335 3187 499 3300 adjungi,
523 3184 583 3257 vel
602 3181 728 3274 inseri,
754 3186 892 3276 solitas,
918 3189 989 3260 hoc
1010 3188 1083 3259 fine
1104 3186 1141 3260 in
1166 3187 1226 3259 usu
1249 3186 1305 3262 fus

84 3285 171 3375 ise,
214 3306 251 3359 et
275 3309 322 3358 eo
353 3308 498 3368 nomme
523 3278 676 3354 venisse:
722 3304 826 3379 quem
856 3282 953 3358 usum
983 3281 1107 3358 habuit
1139 3283 1308 3380 doxologia

84 3392 197 3459 minor.
226 3383 365 3455 Sozom.
391 3382 440 3456 H.
466 3381 533 3454 III:
562 3398 620 3451 20.
669 3379 854 3470 Ceterum,
886 3379 971 3456 huic
994 3380 1110 3473 mori,
1151 3405 1220 3479 quo
1243 3405 1308 3478 pu·

84 3481 188 3578 pulus
211 3476 249 3551 in
274 3476 413 3551 Psalmis
438 3497 476 3550 et
500 3475 639 3569 hymnis
660 3494 776 3571 partes
799 3478 973 3569 habebat,
1006 3476 1180 3553 adversari
1206 3477 1308 3552 vide.-

84 3598 143 3650 tur
168 3597 248 3649 can.
274 3574 400 3646 XVtus
424 3570 666 3659 Laodicenus,
701 3574 781 3666 quud
810 3597 871 3647 non
893 3591 1035 3669 'oporteat
1059 3590 1190 3668 praeter
1213 3596 1310 3648 canu·

88 3676 372 3758 nicostratum,
406 3672 462 3765 qui
487 3670 649 3745 umbonem
676 3670 904 3765 conscendunt,
946 3688 982 3746 et
1006 3671 1068 3746 dal
1090 3676 1248 3769 διφθέρας
1269 3692 1313 3748 ετ

86 3771 193 3842 'todire
217 3782 359 3855 canunt,
402 3766 525 3861 ali'quos
550 3762 631 3851 ulios
661 3787 773 3838 canere
798 3768 832 3840 io
863 3766 1023 3863 Ecclestu.
1074 3772 1144 3861 Sed
1170 3769 1313 3844 uidetur

87 3864 173 3939 illud
198 3863 243 3936 ad
274 3880 409 3937 certum
437 3862 573 3935 'tallmm
599 3877 739 3956 tempus
761 3863 981 3958 ordinatum,
1020 3866 1137 3941 donec
1162 3865 1314 3969 populu!

94 3962 136 4033 ad
163 3957 348 4058 antiquam
382 3955 625 4055 psalmbdi'am,
666 3957 765 4032 varie
800 3983 1021 4059 corruptam,
1044 3978 1313 4044 revocaretur,

91 4056 150 4129 vel
181 4056 226 4133 ad
255 4064 485 4161 praecentores
514 4050 817 4152 restringendum,
854 4055 905 4147 ita
935 4079 975 4136 ut
997 4058 1055 4138 alii
1076 4058 1250 4155 ,nonfint
1271 4073 1313 4127 ae

75 4157 235 4249 ‚canonos
251 4166 454 4243 arturus-5
478 4156 634 4251 quorum
662 4152 811 4320 sponsio
831 4177 974 4262 quoquo
989 4142 1316 4325 dit-oamfflffi
