3008 4830
131 711 205 767 nan
237 782 240 789 Α
452 797 461 810 .
514 678 662 785 infleris
684 680 821 783 Ecclesi-
837 680 954 782 sitnisi.

133 870 213 944 lites
237 883 272 941 et
289 867 502 961 poenitentiae
526 866 647 939 beatio
660 861 714 959 fit
739 846 938 961 adprobate,
978 859 1199 959 indulgentiae
1233 864 1354 958 manue

134 965 269 1042 remedie
287 963 335 1057 sit
357 965 476 1036 sicine.
527 962 787 1060 Mitigabautur
812 984 881 1057 quo
907 984 950 1032 ue
976 979 1140 1057 ternpore
1158 956 1354 1056 Augustini

135 1081 271 1158 poenae
296 1059 486 1132 canonicae
503 1058 686 1153 aliquando
709 1058 752 1132 ad
777 1057 879 1154 Magi
927 1075 1044 1129 atuunr
1069 1056 1354 1144 intercessiones,

135 1174 177 1229 ut
200 1155 273 1249 ipse
293 1178 348 1249 ep.
375 1175 433 1244 54.
457 1152 500 1226 ad
517 1156 745 1228 Macedonium
764 1153 908 1228 indicat.
959 1152 1205 1227 Extendebant
1232 1149 1358 1246 itaquel

134 1248 207 1325 sese
241 1249 481 1346 indulgentiae
514 1268 650 1323 tantuin
681 1249 723 1323 ad
749 1270 884 1417 §uenas
910 1249 1095 1322 canonicas
1120 1246 1355 1343 mitigandas,
1420 1264 1421 1271 ’

134 1356 190 1420 et'
205 1367 280 1418 non
302 1348 345 1418 ad
370 1368 427 1417 eas
449 1345 558 1417 futuri
584 1345 702 1420 seculi.
775 1344 819 1418 ed
843 1345 1063 1442 antiquarum
1089 1344 1213 1418 harum
1237 1342 1380 1416 indul·-

139 1443 345 1540 gentiarum·
370 1442 471 1530 loco,
504 1462 592 1536 quae
623 1433 884 1538 mitigationes,
923 1439 1174 1529 relaxationes,
1217 1441 1273 1511 vel
1299 1460 1357 1511 re·

26 1613 31 1626 ,
137 1535 315 1612 missiones
343 1535 567 1633 dicebantur,
608 1535 817 1632 irrepserunt
849 1536 964 1633 primo
996 1537 1204 1608 retentiones
1226 1551 1259 1606 et
1279 1540 1358 1628 pee·'

136 1632 525 1728 mutationesstquando
548 1632 792 1728 poenitentiae
823 1655 929 1727 opera
955 1630 1180 1727 conspeetum
1207 1630 1358 1726 aliquus

138 1730 259 1805 meriti
287 1727 495 1817 induerunt,
523 1747 560 1801 et
579 1729 752 1825 pecunia,
778 1727 1026 1823 eleemosynis,
1052 1725 1357 1823 peregrinationi»

138 1828 224 1913 bus,
250 1824 473 1895 formularum
501 1846 639 1921 quoque
656 1823 802 1921 precum
818 1822 1100 1908 recitationibus,
1126 1824 1361 1903 redemerunt.

139 1916 383 2019 poenitentiae
410 1941 515 2012 opera
540 1939 785 2016 actempora,
809 1918 883 1992 imo
909 1919 990 1991 Deo
1017 1917 1210 1991 satisfacere
1225 1914 1361 1990 censiti-

138 2017 232 2091 sunt.
281 2013 381 2111 Quae
405 2014 700 2089 commutationes
716 2015 865 2088 maxime
878 2033 1071 2108 coeperunt
1088 2013 1153 2086 sec.
1173 2015 1257 2101 XL,
1282 2012 1357 2086 cir·

139 2133 182 2186 ca
212 2128 371 2205 tempora
396 2110 582 2182 Bnrchardi
613 2132 650 2181 et
678 2110 844 2183 Gratiani.
897 2109 1036 2184 Deinde
1062 2107 1140 2205 post
1174 2110 1355 2183 sec.·Xll·

141 2232 229 2281 innan
261 2226 359 2279 ortae
383 2204 460 2276 sunt
486 2224 599 2276 novae
625 2203 885 2299 indulgentiae,
920 2205 977 2278 seu
1002 2206 1216 2280 remissiones
1246 2202 1360 2300 partis

142 2300 287 2397 alicujus
302 2301 347 2374 de
363 2297 527 2394 injunslis
554 2299 808 2394 poenitentiis,
834 2322 889 2372 ex.
907 2323 959 2393 gr.
985 2325 1046 2393 40.
1071 2301 1223 2387 dierum,
1249 2300 1363 2384 unius

143 2402 247 2487 anni,
270 2417 361 2484 etc.,
388 2394 534 2490 quaeat
553 2395 782 2492 Templorum
806 2393 973 2485 fabricas,
1000 2399 1111 2469 aliave
1130 2419 1292 2480 munera,
1320 2412 1360 2467 et

141 2520 210 2596 pro
227 2492 289 2583 iis,
318 2489 611 2566 concedebantur.
664 2492 827 2584 Denique
846 2489 1076 2587 indulgentias
1093 2492 1258 2566 dixerunt
1274 2513 1360 2586 per·

143 2593 284 2676 tinere,
310 2609 381 2659 non
409 2603 540 2656 tantum
569 2587 707 2658 inloto
731 2583 971 2658 Ecclesiastico
997 2589 1039 2660 ad
1064 2611 1212 2680 poenas,
1241 2606 1277 2659 et
1309 2584 1361 2659 sa·

143 2683 362 2761 tissasliones
387 2679 556 2773 injunttas
578 2681 802 2768 minuendas,
847 2681 963 2753 sedet
996 2685 1032 2758 in
1057 2686 1136 2756 foro
1160 2682 1286 2756 divino
1316 2680 1365 2756 ad

141 2796 276 2879 poenas
300 2773 490 2871 purgatorii
508 2774 714 2869 mitigandas
734 2777 788 2849 vel
815 2778 991 2853 tollendas.
1039 2781 1130 2874 Legi
1149 2780 1192 2852 de
1208 2780 1264 2851 his
1281 2802 1362 2850 orn·

104 2923 107 2931 ,
144 2873 248 2951 nibus
279 2869 314 2943 in
351 2869 474 2964 primis
513 2889 667 2946 meretur
703 2872 929 2947 Chemnicius
962 2873 999 2948 in
1034 2877 1192 2950 Examin.
1230 2875 1366 2951 concilii

146 2971 326 3047 Tridentis.
351 2989 386 3060 p.
412 2967 477 3040 111.
998 2984 1000 2987 ·

196 3067 227 3163 §.
254 3063 363 3137 CCV.
396 3061 506 3140 Hisce
523 3064 680 3164 ‚denique
705 3068 868 3159 addatur,
893 3067 1090 3142 Veteribus
1106 3091 1202 3141 unam
1220 3086 1367 3144 tantum·

145 3161 248 3238 fuisse
275 3158 451 3235 admissam
479 3164 756 3257 poenitentiam,
798 3188 835 3239 et
865 3165 1039 3237 nonnullis
1061 3167 1097 3236 in
1123 3165 1255 3239 casibus
1273 3167 1363 3239 nul·

144 3261 222 3334 lein.
273 3259 380 3331 Unam
399 3277 534 3330 tanturn
554 3258 671 3347 fuine,
700 3261 750 3333 ita
774 3279 812 3331 ut
828 3258 965 3352 relapsis
991 3261 1054 3334 alia
1078 3259 1186 3334 suerit
1212 3280 1363 3357 negata,

145 3355 236 3431 sicut
268 3370 388 3438 antea,
431 3370 469 3422 ut
493 3374 538 3422 ex
561 3354 695 3424 Herma
718 3352 805 3428 Past.
841 3356 860 3427 l.
894 3355 942 3427 ΙΙ.
976 3358 1088 3429 mand.
1116 3379 1152 3446 4.
1186 3358 1365 3434 Clement.

146 3451 252 3530 Alex.
279 3444 397 3519 strom.
424 3446 472 3519 11:
502 3467 556 3539 13.
583 3465 620 3518 et
652 3449 800 3521 Tertull.
833 3450 877 3522 de
904 3451 1107 3526 Paenitentia
1138 3450 1269 3545 liquet,
1312 3453 1367 3528 ita

147 3565 187 3622 et
209 3563 303 3618 nunc
326 3541 458 3635 adbuc,
500 3562 546 3613 ex
576 3561 700 3615 canon.
735 3544 892 3618 Illiberit.
925 3564 961 3618 et
983 3550 1114 3622 Arelas.
1152 3550 1219 3621 IV.
1253 3568 1293 3622 ut
1326 3567 1368 3623 er

144 3635 308 3719 Ambros
330 3637 387 3712 ,de'
400 3636 518 3732 poenit.
543 3637 597 3710 lla
620 3661 675 3711 10.
701 3655 737 3710 et
762 3639 888 3713 Siricio
912 3664 967 3737 ep.
996 3647 1022 3717 l.
1050 3645 1091 3716 ad
1131 3644 1363 3735 Himeriutn,

145 3735 310 3833 constat»¹
346 3731 483 3832 Quibus
505 3754 577 3804 non
605 3733 816 3808 obstantibus
839 3735 983 3810 subinde
1005 3743 1056 3813 bis
1082 3740 1150 3812 fuit
1174 3744 1277 3833 data,
1303 3741 1366 3817 'nti

140 3830 360 3927 exemplum?
375 3827 545 3903 Cerdonis
571 3832 663 3923 apud
688 3830 963 3905 lren.·adversus
994 3835 1122 3909 haeres.
1156 3839 1221 3913 III:
1255 3861 1291 3929 4.
1324 3857 1368 3912 et

149 3924 339 4007 Valentini
368 3947 410 4000 ac
440 3922 657 4011 Marcioms,
701 3927 791 4021 apud
824 3925 973 4002 Tertull.
1012 3931 1202 4029 praescript.
1236 3935 1366 4011 haeret.

139 4042 181 4114 ,c.
207 4049 264 4123 30.
288 4021 405 4097 docet.
455 4022 533 4093 Into
556 4020 793 4117 chrysostomi
819 4023 950 4097 disium
976 4020 1066 4116 fuit,
1104 4029 1192 4103 teste
1221 4032 1375 4108 Socrati&

23 4219 26 4223 ,
139 4121 196 4204 H.
222 4120 403 4223 lilaea,
421 4119 499 4196 litet
516 4117 634 4198 millae
646 4123 875 4224 poenitentiaea
894 4123 1021 4222 egeris,
1043 4126 1181 4222 aceede,
1204 4129 1368 4238 quoddb

130 4234 213 4316 ‘olel
