3074 4838
145 701 221 774 4η
515 673 811 777 enstorteacetes
837 628 957 779 Christi

151 880 239 936 tom.
259 858 364 935 vm.
400 855 585 932 'Occurrit
604 879 743 957 quoqne
759 855 865 933 simile
888 850 977 957 quid
999 854 1091 956 apud
1112 856 1379 971 mugustinumg

153 959 255 1031 serm.
281 955 326 1027 de
347 955 591 1033 adnunciatione
614 952 809 1044 Dominr'ea,
843 958 903 1053 qui
927 954 979 1029 est
1005 979 1085 1052 194.
1111 980 1149 1031 m
1174 960 1374 1056 adpendice

152 1058 262 1152 Oper.
287 1069 374 1127 torn.
401 1054 471 1142 V.,
510 1050 590 1140 sed,
634 1073 715 1124 cum
741 1050 854 1124 sermo
876 1074 944 1128 nec
967 1052 1009 1126 fit
1041 1054 1135 1151 ejus,
1174 1078 1244 1130 nec
1271 1057 1375 1154 hujus

154 1147 343 1246 temporis,
384 1169 423 1223 ut
444 1145 665 1223 Benedidiini
697 1146 763 1244 ipsr
793 1147 1007 1243 agnoscunt,
1048 1169 1087 1225 et
1109 1148 1392 1249 demonstrant„

153 1272 233 1322 enm
259 1241 394 1319 missum
419 1243 524 1321 facio.
575 1246 718 1319 Petrum
742 1245 970 1340 cnapheum,
993 1243 1210 1345 Episcopum
1238 1249 1372 1322 Antio·

153 1345 326 1431 menum,
361 1340 562 1430 institniIIe,
598 1358 633 1413 rer
667 1346 906 1438 inmotaeque
927 1348 1112 1440 precatione
1134 1345 1202 1416 Dei
1221 1347 1372 1441 genitrix

154 1444 397 1529 nominaretur,
419 1455 450 1512 et
467 1443 607 1513 diriorem
634 1442 707 1535 ejas
735 1461 845 1513 nomen
872 1440 1094 1529 invocaretur,
1120 1440 1227 1515 tradit
1253 1442 1371 1516 Nice·

152 1538 283 1636 phoras
316 1536 368 1608 H.
399 1536 440 1608 Ε.
480 1536 500 1607 I.
532 1536 617 1607 XV:
654 1542 708 1617 18.
765 1534 975 1609 Theodorus
1008 1535 1139 1610 Ledtor
1169 1539 1192 1612 l.
1226 1538 1273 1613 11:
1304 1546 1366 1630 48.

150 1633 243 1711 ande
276 1630 386 1704 hausit
417 1628 664 1725 Nicephornr,
702 1626 872 1725 posterius
909 1632 1051 1728 quidem
1081 1656 1154 1706 non
1185 1633 1292 1711 habet
1329 1636 1384 1706 in·

152 1730 235 1805 edit.
260 1725 392 1803 Valesri
418 1729 633 1815 membrum,
657 1723 715 1798 sed
740 1725 891 1817 sensum,
922 1727 1052 1802 sriilnd
1077 1728 1268 1816 addiderit,
1294 1749 1365 1802 non

151 1827 241 1902 adeo
264 1823 353 1894 maie
377 1819 553 1921 enpressit.
605 1819 683 1919 ipse
716 1821 865 1918 Gregor.
897 1823 1067 1899 Naziann
1102 1826 1199 1898 Orat.
1226 1824 1365 1901 XVIII.

150 1922 186 1998 in
209 1920 345 1999 taudem
369 1915 554 2016 Cypriani,
587 1917 756 2014 Justinam
780 1919 973 2015 virginem,
996 1921 1209 2017 aCypriano
1230 1920 1274 1997 ad
1289 1919 1368 1995 stu·

149 2040 255 2118 prum
273 2014 474 2104 incitatam,
498 2013 629 2107 refert,
658 2015 811 2088 Mariam
830 2014 1005 2110 virginem
1022 2016 1214 2090 obsecraIIe
1236 2018 1367 2114 suppli·

151 2138 252 2203 cem,
285 2131 325 2186 ut
348 2109 411 2185 srbi
435 2110 619 2186 succurrat.
668 2110 771 2205 Cujus
796 2111 847 2184 rei
880 2112 918 2184 In
942 2112 1175 2211 superioribus
1194 2113 1266 2208 jam
1292 2136 1366 2187 mc·

150 2210 248 2290 mIni.
295 2210 353 2282 De
376 2209 575 2304 Martyrum
602 2205 922 2297 interceiironibus,
948 2233 1069 2282 eorum
1096 2232 1140 2282 ue
1162 2209 1365 2284 advocatio-

151 2333 220 2400 ne,
245 2323 285 2380 ut
309 2304 402 2399 apud
430 2305 548 2377 Deum
572 2299 810 2393 intercedant,
844 2326 1030 2402 earumque
1051 2330 1071 2377 e
1111 2306 1227 2396 cacia,
1268 2307 1367 2378 Iucu·

151 2408 266 2483 lenter
296 2401 371 2497 agit
401 2397 576 2488 Asterius,
617 2399 720 2494 hujus
752 2416 789 2469 et
813 2402 1057 2494 praecedentis
1094 2402 1162 2477 iec.
1195 2401 1365 2500 scriptor,

148 2507 185 2578 e'n
212 2501 350 2573 encorr'o
373 2494 587 2593 Martyrum
618 2498 677 2568 nbi
701 2498 804 2589 iegati
837 2512 868 2567 er
889 2494 1048 2593 sequestri
1079 2499 1276 2574 orationum
1308 2497 1367 2574 ad·

150 2599 344 2699 pellantur,
368 2610 407 2664 et
431 2593 520 2665 haec
544 2591 691 2664 formula
717 2591 954 2665 invocationis
977 2592 1077 2666 unius
1100 2618 1220 2667 eornm
1237 2616 1370 2668 occur·

150 2693 219 2770 rit:
245 2705 302 2773 tu,
326 2690 380 2780 qui
399 2703 529 2780 propter
555 2684 712 2783 Christum
733 2683 844 2781 peffos
868 2713 921 2776 es,
946 2692 1101 2762 intercede
1121 2710 1178 2786 pro
1201 2687 1367 2788 poffiorre,

147 2792 183 2868 e'r
216 2789 322 2862 morbo
354 2801 423 2857 etc.
448 2782 521 2856 vid.
554 2781 662 2856 etiam
695 2784 790 2856 Orat.
824 2784 862 2855 in
887 2786 921 2859 S.
946 2786 1119 2877 Phocam,
1145 2787 1282 2861 Bantius
1303 2789 1368 2860 Se·

149 2881 325 2965 reucienfis
357 2877 394 2952 in
429 2880 609 2952 laudatione
637 2880 672 2952 8.
697 2878 886 2975 Stephani,
929 2900 966 2953 et
1000 2883 1218 2959 Theodoret.
1245 2904 1368 2960 contra

150 2984 307 3060 Graecos
331 2974 431 3048 serm.
460 2976 564 3051 VIII.
614 2977 690 3048 Imo
714 2974 944 3065 Valerianus,
986 2977 1082 3052 hom.
1108 2980 1193 3054 XV.
1219 2979 1258 3053 in
1282 3002 1367 3075 ope·

148 3081 246 3156 tibae
270 3068 464 3161 Sirmondi,
498 3094 541 3144 ex
565 3094 663 3145 more
689 3071 864 3161 hurnano,
904 3096 974 3167 quo
1000 3097 1063 3168 per
1085 3076 1218 3150 amIcos
1241 3094 1280 3149 et
1301 3074 1369 3149 mi·

149 3173 275 3250 nistros
305 3171 402 3245 auiae
432 3168 545 3243 aditur
603 3187 675 3243 atet
698 3169 739 3240 ad
764 3164 981 3261 Principem,
1014 3169 1097 3242 illud
1124 3170 1293 3261 illustrat,
1327 3190 1368 3246 et

149 3265 395 3372 demonstrat..
423 3267 481 3337 De
507 3192 700 3338 sangorum
718 3264 1020 3371 Interceffionibus
1045 3264 1151 3339 etiam
1176 3266 1253 3377 agit
1276 3268 1371 3342 Hie·

95 3512 100 3523 .
150 3358 744 3562 iiiiiipiiistniieffdiaiii
760 3358 812 3524 i?
831 3360 1365 3555 iiiciid'orgntiidz

149 3549 365 3652 Augnstrnur
391 3549 550 3623 sermone
568 3573 671 3645 319„
698 3549 742 3621 de
757 3550 938 3644 Stephano,
964 3576 1045 3624 enm
1066 3574 1136 3626 non
1153 3554 1266 3652 magis
1283 3555 1368 3628 ado·

149 3652 219 3727 rari
246 3646 321 3723 vuit
347 3669 388 3719 ac
415 3644 570 3737 Angelus
597 3646 632 3717 se
655 3668 675 3717 a
701 3644 862 3739 Johanne
886 3649 1003 3741 Apoc.
1029 3648 1151 3739 XIX.,
1183 3650 1242 3723 sed
1268 3671 1368 3723 com-

147 3743 304 3820 mendari
331 3765 394 3816 nos
417 3741 492 3813 vult
518 3741 721 3836 Stephan03
751 3743 1035 3839 pannosorum,
1070 3744 1176 3835 dicit,
1206 3744 1369 3840 beneficia

138 3842 334 3944 sumamnse
365 3842 507 3913 ionoem
532 3852 564 3907 er
583 3837 723 3931 gloriarer
746 3838 883 3911 Domino
910 3844 1030 3913 demus.
1083 3842 1273 3915 Moderate
1296 3844 1367 3917 cti·

146 3965 204 4019 am
228 3940 349 4012 Petrus
375 3933 626 4030 Chrysologus,
658 3935 864 4024 Ravennae,
897 3936 995 4030 cujus
1020 3936 1108 4010 varii
1134 3937 1272 4012 exstant
1295 3939 1361 4011 ser·

146 4057 270 4111 mones
295 4030 333 4105 in
360 4033 447 4105 Bibi.
474 4031 529 4102 M.
554 4030 590 4104 P.
619 4032 687 4104 νώ.
716 4031 826 4117 VII,
862 4032 1055 4106 sennonem
1084 4033 1121 4106 in
1149 4036 1183 4109 S.
1208 4035 1360 4109 Lauren·

143 4126 578 4228 tium135.hiscIandit
612 4123 749 4205 verbio:
788 4127 982 4225 Martyrum
1002 4131 1143 4224 merite,
1186 4132 1280 4300 reio}
1292 4128 1357 4199 ner

1277 4243 1360 4322 Μ»
