3008 4830
499 672 535 785 ᾗ
567 724 573 733 ·
634 680 830 763 διιεῖ..Ιῆ
944 710 961 777 ·,
1308 701 1357 779 97

133 858 188 941 ne
210 860 478 940 rationibuset
498 861 608 962 leopo
630 888 777 965 precum
802 885 869 964 pro
892 860 1061 957 mortuis,
1094 882 1183 962 qnae
1210 859 1252 937 ad
1279 864 1347 953 sec,

134 959 241 1055 snper.
267 958 403 1059 protuli
430 982 504 1034 non
529 982 708 1059 repetam,
734 962 792 1038 sed
818 962 1015 1053 nonnulla,
1040 956 1350 1056 exscriptoribus

135 1054 230 1152 hujus
246 1054 344 1146 see,
371 1054 472 1152 adjun
522 1080 555 1129 m
573 1054 617 1131 de
633 1058 899 1155 particularibus
914 1056 1126 1144 rationibus,
1147 1079 1230 1154 quas
1245 1077 1345 1152 prae·

136 1152 282 1226 buerunt
311 1151 473 1253 hypothe
490 1176 528 1226 es
551 1151 747 1245 Veterum,
781 1172 821 1230 ut
852 1176 908 1227 eas
937 1177 1005 1227 una
1036 1174 1209 1248 exponam
1245 1174 1277 1224 1.
1304 1151 1349 1225 de

137 1244 220 1321 statu
241 1266 281 1320 et
307 1248 390 1322 loco
417 1242 628 1323 intermedio
652 1249 866 1339 animarum,
899 1246 936 1321 in
961 1249 1034 1322 sinu
1057 1247 1219 1321 Abmhae
1248 1269 1280 1320 a.
1304 1246 1349 1335 de

140 1341 390 1417 relurreflione
416 1341 594 1432 tardiore,
619 1363 679 1417 aut
707 1342 896 1435 celeriore,
930 1338 968 1417 in
993 1367 1032 1417 re
1058 1365 1106 1415 no
1122 1342 1346 1433 millenario,

147 1437 293 1529 dmbros.
320 1440 367 1512 de
391 1441 481 1512 obitu
507 1438 751 1530 Valentiniani,
777 1441 820 1513 ad
838 1438 920 1529 fin,
944 1459 1019 1513 eta
1060 1434 1111 1512 Ps.
1136 1440 1186 1527 l.,
1202 1456 1344 1532 praete·

148 1554 196 1605 rea
222 1556 254 1629 3.
281 1532 329 1608 de
355 1536 439 1631 igne
463 1532 577 1609 ultimi
601 1535 730 1632 judicii
763 1538 888 1636 eluente
919 1554 957 1607 et
988 1550 1163 1630 purgante
1195 1531 1346 1623 animas,

142 1650 198 1722 per
220 1652 328 1725 quem
353 1653 475 1703 omnes
491 1630 642 1705 debeant
659 1629 821 1723 tranlire,
842 1627 984 1705 nemine
1000 1647 1176 1723 excepto,
1204 1649 1249 1699 ne
1266 1628 1348 1700 Ma·

142 1720 185 1796 ria
207 1724 364 1820 quidem.
412 1726 571 1800 Ambrol'.
597 1729 707 1800 Serm.
736 1728 803 1824 3tio
827 1724 864 1800 in
895 1723 946 1800 Pl.
979 1725 1147 1799 CXVIII.
1179 1740 1216 1794 et
1247 1722 1345 1795 hom.

143 1823 205 1915 grin
230 1818 268 1892 in
294 1818 347 1895 Ps.
374 1821 546 1895 XXXVI.
570 1821 726 1896 Hilarius
750 1821 788 1897 in
810 1821 863 1895 Ps.
890 1819 1058 1909 CXVlll.
1083 1837 1120 1892 et
1153 1818 1262 1892 Matt.
1298 1818 1344 1892 ll.

145 1915 209 1987 (ire
235 1938 286 1990 or.
313 1914 484 1992 Nazianz.
509 1916 605 1992 Orat.
635 1918 810 1993 XLlI..et
833 1914 982 2015 Nyllen.
998 1915 1055 2007 ,de
1078 1918 1212 1989 ntortuis
1237 1915 1348 2008 Oper.

139 2026 169 2083 ,t
191 1939 253 2085 lil.
278 2010 432 2120 denique
459 2035 495 2121 4.
521 2011 565 2086 de
585 2013 697 2122 gloria
723 2011 919 2111 fundorum
934 2010 1112 2109 augenda,
1145 2030 1183 2083 et
1206 2008 1347 2083 damna·

147 2122 406 2277 itlmllrll
429 2108 646 2277 ffllbnll’
679 2130 893 2278 {illibi
907 2107 969 2300 eid
989 2102 1350 2297 iiffiiinpssh‘liii

145 2294 233 2371 dent.
259 2297 533 2372 Cathemerinon
567 2259 676 2375 Sertir.
702 2301 753 2392 V.
780 2300 824 2373 de
849 2323 936 2374 cereo
957 2297 1121 2393 paschali.
1178 2254 1347 2370 Pe’ccato·

143 2415 194 2560 ἴε
217 2411 375 2504 mortuos
392 2416 456 2489 per
470 2393 635 2468 vivorum
652 2393 867 2504 oblationes,
895 2415 932 2468 et
949 2393 1180 2490 eleemosynas
1189 2390 1347 2557 ,aliquhd

147 2488 435 2693 librili?
445 2487 921 2696 nlnlililllll:
945 2488 1177 2694 iiiiii&
1201 2487 1349 2692 iilis

148 2678 334 2753 institutum
358 2683 400 2755 ab
424 2678 602 2778 Apostolrs
626 2700 781 2778 repent,
820 2679 879 2756 sed
901 2677 1082 2777 restringit
1106 2681 1198 2756 hanc
1215 2678 1346 2753 unitas

147 2792 213 2847 tem
234 2776 388 2854 maxime
411 2776 453 2849 ad
480 2774 618 2860 fideles,
652 2776 702 2852 ita
725 2795 863 2867 tamen,
895 2797 934 2850 ut
959 2777 1110 2874 reliquos
1141 2798 1213 2850 non
1247 2775 1350 2868 plane

145 2870 312 2946 excludat.
363 2871 432 2944 Sed
455 2870 619 2946 Athanas.
653 2871 690 2945 in
725 2896 817 2948 nova
850 2871 1057 2946 collediione
1088 2869 1276 2944 Montfalc.
1311 2896 1346 2966 p.

145 2982 202 3058 48.
225 2991 308 3056 eos,
333 2965 458 3055 tradit,
487 2966 544 3063 qui
571 2991 649 3042 cum
668 2967 779 3065 aliqua
795 2968 930 3044 virtute
944 2966 1184 3058 decesserunt,
1209 2963 1350 3057 adjuva·

148 3061 222 3137 ria
245 3062 336 3137 vivis
358 3060 437 3159 post
459 3080 631 3152 mortem,
659 3064 801 3158 reliquis
818 3062 980 3149 exclusis,
1004 3061 1146 3154 Videt
1162 3060 1350 3154 Ephraem.

149 3156 224 3252 Syr.
247 3156 283 3230 in
308 3157 533 3233 Testamento
556 3157 616 3232 sno
648 3159 757 3252 Oper.
787 3158 845 3236 Gr,
877 3173 902 3228 t.
935 3158 1002 3243 ll.,
1036 3156 1126 3264 qnod
1162 3157 1296 3226 Graece
1311 3152 1351 3241 et

147 3251 286 3345 Syriaco
310 3253 421 3328 exstat
443 3253 481 3327 in
507 3277 590 3328 nov.
606 3252 724 3343 edit,
770 3274 838 3324 nec
861 3246 1099 3324 iton-Basilius
1130 3249 1348 3347 seleuciens.

146 3352 243 3425 Orat.
271 3350 346 3424 XL.
373 3350 413 3424 ad
440 3349 503 3422 fin.
550 3348 761 3424 Peculiarem
787 3372 822 3440 5.
848 3369 937 3421 vero
962 3339 1157 3434 rationem,
1198 3344 1240 3420 ad
1265 3347 1351 3441 Pro,-

168 3446 286 3532 hetas,
309 3444 518 3540 Apostolos,
544 3464 582 3517 et
600 3466 769 3540 martyres
793 3443 1053 3541 pertinentem,
1091 3442 1204 3517 adfert
1230 3444 1350 3539 Cyrill.

182 3539 283 3616 ieros.
309 3560 377 3614 cat.
406 3537 549 3637 mystag.
576 3540 648 3629 V.,
673 3540 735 3614 ubi
762 3538 872 3627 dicit,
905 3562 1026 3611 eorum
1043 3536 1122 3612 fieri
1138 3537 1173 3611 in
1191 3539 1350 3634 precibus

135 3656 182 3729 let
203 3636 440 3712 oblationibus
465 3635 704 3726 mentionem,
741 3655 780 3707 ut
804 3637 902 3709 Deus
923 3652 1053 3729 propter
1077 3635 1201 3709 illorum
1228 3638 1349 3709 oratio·

143 3756 198 3807 nes
228 3751 260 3808 et
294 3734 528 3826 deprecationes
562 3729 686 3826 nostros
710 3728 875 3827 suscipiat
902 3752 1033 3827 preces:
1076 3730 1169 3899 {uod
1202 3728 1240 3804 in
1271 3729 1351 3813 aliie

145 3852 214 3904 non
245 3829 423 3925 reperitur
446 3827 682 3902 monumentis
703 3826 873 3923 antiquis,
915 3825 977 3901 nili
1011 3850 1079 3923 apu
1141 3824 1354 3925 Augustin.,'

150 3926 204 4020 qni
226 3926 340 4000 Serm.
370 3947 426 4020 17.
460 3925 531 4019 Op.
557 3941 583 3998 t.
610 3924 655 3998 X.
687 3928 814 4020 negat,
856 3945 922 4021 pro
952 3921 1181 4020 martyribus,
1220 3923 1352 4021 quippe

147 4018 245 4114 plena
269 4020 398 4119 gavilis
428 4016 559 4116 gloria,
591 4017 659 4093 elle
691 4018 882 4111 orandum,
924 4016 980 4091 sed
1014 4037 1052 4092 ut
1086 4017 1136 4092 illi
1160 4015 1352 4115 pronubis

144 4135 255 4192 orent.
303 4116 395 4193 Vid.
422 4115 530 4195 etiam
555 4113 653 4196 nait.
684 4123 739 4210 84.
772 4114 810 4193 in
836 4115 917 4218 Joh.
946 4114 1016 4217 Op.
1039 4133 1066 4219 t.
1083 4115 1158 4213 ¹IX.
1183 4130 1221 4191 et
1240 4113 1353 4208 ¹Serui,

166 4200 281 4319 ‘Turn
305 4212 374 4322 lV.
727 4211 807 4291 'N'
1172 4225 1176 4231 ’
1269 4218 1359 4309 159.

1356 4644 1358 4648 Ι
1450 4302 1490 4550 l
