<?xml version="1.0" encoding="UTF-8"?>
<!DOCTYPE html PUBLIC "-//W3C//DTD XHTML 1.0 Transitional//EN"
    "http://www.w3.org/TR/xhtml1/DTD/xhtml1-transitional.dtd">
<html xmlns="http://www.w3.org/1999/xhtml" xml:lang="en" lang="en">
 <head>
  <title>
</title>
<meta http-equiv="Content-Type" content="text/html;charset=utf-8" />
  <meta name='ocr-system' content='tesseract 3.04.00' />
  <meta name='ocr-capabilities' content='ocr_page ocr_carea ocr_par ocr_line ocrx_word'/>
</head>
<body>
  <div class='ocr_page' id='page_1' title='image "./hermannivenemai02venegoog_0223.png"; bbox 0 0 3008 4830; ppageno 0'>
   <div class='ocr_carea' id='block_1_1' title="bbox 130 661 963 766">
    <p class='ocr_par' dir='ltr' id='par_1_1' title="bbox 130 661 963 766">
     <span class='ocr_line' id='line_1_1' title="bbox 130 661 963 766; baseline -0.024 -1"><span class='ocrx_word' id='word_1_1' title='bbox 130 663 204 765; x_wconf 79' lang='lat' dir='ltr'>nt</span> <span class='ocrx_word' id='word_1_2' title='bbox 519 661 963 766; x_wconf 70' lang='lat' dir='ltr'>nnnrannnnrn.</span> 
     </span>
    </p>
   </div>
   <div class='ocr_carea' id='block_1_2' title="bbox 74 843 1378 2481">
    <p class='ocr_par' dir='ltr' id='par_1_2' title="bbox 74 843 1378 2481">
     <span class='ocr_line' id='line_1_2' title="bbox 138 843 1357 945; baseline -0.009 -13"><span class='ocrx_word' id='word_1_3' title='bbox 138 852 319 943; x_wconf 80' lang='lat' dir='ltr'>invicem,</span> <span class='ocrx_word' id='word_1_4' title='bbox 357 843 414 925; x_wconf 84' lang='lat' dir='ltr'>alii</span> <span class='ocrx_word' id='word_1_5' title='bbox 446 844 544 938; x_wconf 79' lang='lat' dir='ltr'>aliie,</span> <span class='ocrx_word' id='word_1_6' title='bbox 579 850 733 945; x_wconf 83' lang='lat' dir='ltr'>&#39;peccata</span> <span class='ocrx_word' id='word_1_7' title='bbox 762 849 1042 943; x_wconf 84' lang='lat' dir='ltr'>confitebantur,</span> <span class='ocrx_word' id='word_1_8' title='bbox 1083 864 1123 924; x_wconf 93' lang='lat' dir='ltr'>ut</span> <span class='ocrx_word' id='word_1_9' title='bbox 1145 845 1209 923; x_wconf 85' lang='lat' dir='ltr'>libi</span> <span class='ocrx_word' id='word_1_10' title='bbox 1234 848 1357 921; x_wconf 75' lang='lat' dir='ltr'>titulun</span> 
     </span>
     <span class='ocr_line' id='line_1_3' title="bbox 142 942 1361 1044; baseline -0.004 -20"><span class='ocrx_word' id='word_1_11' title='bbox 142 949 298 1037; x_wconf 71' lang='lat' dir='ltr'>adessent</span> <span class='ocrx_word' id='word_1_12' title='bbox 327 942 365 1023; x_wconf 90' lang='lat' dir='ltr'>iu</span> <span class='ocrx_word' id='word_1_13' title='bbox 389 943 573 1042; x_wconf 72' lang='lat' dir='ltr'>precibut,</span> <span class='ocrx_word' id='word_1_14' title='bbox 596 943 787 1022; x_wconf 88' lang='lat' dir='ltr'>secundum</span> <span class='ocrx_word' id='word_1_15' title='bbox 805 949 878 1044; x_wconf 87' lang='lat' dir='ltr'>Jac.</span> <span class='ocrx_word' id='word_1_16' title='bbox 903 948 952 1023; x_wconf 89' lang='lat' dir='ltr'>V:</span> <span class='ocrx_word' id='word_1_17' title='bbox 983 956 1038 1024; x_wconf 86' lang='lat'>16.</span> <span class='ocrx_word' id='word_1_18' title='bbox 1052 1001 1064 1037; x_wconf 92' lang='lat'>‚</span> <span class='ocrx_word' id='word_1_19' title='bbox 1089 947 1145 1020; x_wconf 89' lang='lat' dir='ltr'>Au</span> <span class='ocrx_word' id='word_1_20' title='bbox 1195 944 1235 1018; x_wconf 87' lang='lat' dir='ltr'>st.</span> <span class='ocrx_word' id='word_1_21' title='bbox 1261 944 1361 1019; x_wconf 60' lang='lat' dir='ltr'>tra&amp;</span> 
     </span>
     <span class='ocr_line' id='line_1_4' title="bbox 145 1038 1362 1142; baseline -0.012 -20"><span class='ocrx_word' id='word_1_22' title='bbox 145 1056 206 1142; x_wconf 74' lang='lat'>³8·</span> <span class='ocrx_word' id='word_1_23' title='bbox 233 1043 270 1122; x_wconf 87' lang='lat' dir='ltr'>in</span> <span class='ocrx_word' id='word_1_24' title='bbox 294 1042 398 1140; x_wconf 89' lang='lat' dir='ltr'>Joh.,</span> <span class='ocrx_word' id='word_1_25' title='bbox 423 1059 461 1114; x_wconf 93' lang='lat' dir='ltr'>et</span> <span class='ocrx_word' id='word_1_26' title='bbox 477 1038 571 1116; x_wconf 85' lang='lat' dir='ltr'>alibi.</span> <span class='ocrx_word' id='word_1_27' title='bbox 620 1063 654 1117; x_wconf 81' lang='lat'>2.</span> <span class='ocrx_word' id='word_1_28' title='bbox 676 1043 848 1136; x_wconf 63' lang='lat' dir='ltr'>Struma,</span> <span class='ocrx_word' id='word_1_29' title='bbox 873 1042 993 1142; x_wconf 82' lang='lat' dir='ltr'>srquio</span> <span class='ocrx_word' id='word_1_30' title='bbox 1013 1044 1113 1119; x_wconf 86' lang='lat' dir='ltr'>alteri</span> <span class='ocrx_word' id='word_1_31' title='bbox 1155 1039 1362 1117; x_wconf 80' lang='lat' dir='ltr'>ecisietlin.</span> 
     </span>
     <span class='ocr_line' id='line_1_5' title="bbox 144 1135 1366 1244; baseline -0.007 -28"><span class='ocrx_word' id='word_1_32' title='bbox 144 1143 291 1244; x_wconf 79' lang='lat' dir='ltr'>juriani,</span> <span class='ocrx_word' id='word_1_33' title='bbox 332 1135 518 1215; x_wconf 86' lang='lat' dir='ltr'>secundum</span> <span class='ocrx_word' id='word_1_34' title='bbox 543 1138 654 1227; x_wconf 86' lang='lat' dir='ltr'>Matt.</span> <span class='ocrx_word' id='word_1_35' title='bbox 678 1138 730 1217; x_wconf 81' lang='lat' dir='ltr'>V:</span> <span class='ocrx_word' id='word_1_36' title='bbox 756 1163 777 1214; x_wconf 82' lang='lat' dir='ltr'>n</span> <span class='ocrx_word' id='word_1_37' title='bbox 805 1194 813 1215; x_wconf 91' lang='lat'><strong>.</strong></span> <span class='ocrx_word' id='word_1_38' title='bbox 838 1138 1022 1237; x_wconf 83' lang='lat' dir='ltr'>Augustin.</span> <span class='ocrx_word' id='word_1_39' title='bbox 1054 1141 1098 1215; x_wconf 89' lang='lat' dir='ltr'>de</span> <span class='ocrx_word' id='word_1_40' title='bbox 1119 1139 1269 1235; x_wconf 78' lang='lat' dir='ltr'><em>sermone</em></span> <span class='ocrx_word' id='word_1_41' title='bbox 1296 1137 1366 1209; x_wconf 82' lang='lat' dir='ltr'>D&#39;n·</span> 
     </span>
     <span class='ocr_line' id='line_1_6' title="bbox 146 1163 1368 1335; baseline -0.003 -23"><span class='ocrx_word' id='word_1_42' title='bbox 146 1242 226 1319; x_wconf 77' lang='lat' dir='ltr'>nini</span> <span class='ocrx_word' id='word_1_43' title='bbox 251 1237 286 1311; x_wconf 85' lang='lat' dir='ltr'>in</span> <span class='ocrx_word' id='word_1_44' title='bbox 312 1234 516 1309; x_wconf 79' lang='lat' dir='ltr'>montell.</span> <span class='ocrx_word' id='word_1_45' title='bbox 540 1253 574 1309; x_wconf 89' lang='lat' dir='ltr'>c.</span> <span class='ocrx_word' id='word_1_46' title='bbox 602 1257 658 1309; x_wconf 83' lang='lat' dir='ltr'>ro.</span> <span class='ocrx_word' id='word_1_47' title='bbox 709 1259 742 1332; x_wconf 85' lang='lat'>3.</span> <span class='ocrx_word' id='word_1_48' title='bbox 770 1163 903 1322; x_wconf 51' lang='lat' dir='ltr'>samm</span> <span class='ocrx_word' id='word_1_49' title='bbox 927 1235 971 1324; x_wconf 86' lang='lat' dir='ltr'>fi,</span> <span class='ocrx_word' id='word_1_50' title='bbox 996 1235 1093 1332; x_wconf 86' lang='lat' dir='ltr'>cujus</span> <span class='ocrx_word' id='word_1_51' title='bbox 1120 1252 1262 1335; x_wconf 81' lang='lat' dir='ltr'>gravata</span> <span class='ocrx_word' id='word_1_52' title='bbox 1279 1232 1368 1311; x_wconf 82' lang='lat' dir='ltr'>ellet</span> 
     </span>
     <span class='ocr_line' id='line_1_7' title="bbox 149 1327 1368 1430; baseline -0.006 -18"><span class='ocrx_word' id='word_1_53' title='bbox 149 1329 391 1420; x_wconf 88' lang='lat' dir='ltr'>conscientia,</span> <span class='ocrx_word' id='word_1_54' title='bbox 418 1327 648 1404; x_wconf 74' lang='lat' dir='ltr'>instrudiioue</span> <span class='ocrx_word' id='word_1_55' title='bbox 670 1351 711 1406; x_wconf 81' lang='lat' dir='ltr'>ac</span> <span class='ocrx_word' id='word_1_56' title='bbox 726 1331 965 1406; x_wconf 81' lang='lat' dir='ltr'>consolatione</span> <span class='ocrx_word' id='word_1_57' title='bbox 989 1332 1186 1430; x_wconf 82' lang='lat' dir='ltr'>indigeret,</span> <span class='ocrx_word' id='word_1_58' title='bbox 1209 1331 1368 1411; x_wconf 84' lang='lat' dir='ltr'>animum</span> 
     </span>
     <span class='ocr_line' id='line_1_8' title="bbox 74 1422 1371 1593; baseline -0.004 -86"><span class='ocrx_word' id='word_1_59' title='bbox 74 1456 85 1477; x_wconf 90' lang='lat'>··</span> <span class='ocrx_word' id='word_1_60' title='bbox 148 1427 316 1532; x_wconf 84' lang='lat' dir='ltr'>prudenti</span> <span class='ocrx_word' id='word_1_61' title='bbox 341 1423 472 1524; x_wconf 87' lang='lat' dir='ltr'>pastori</span> <span class='ocrx_word' id='word_1_62' title='bbox 497 1424 713 1593; x_wconf 54' lang='lat' dir='ltr'>explicabat,</span> <span class='ocrx_word' id='word_1_63' title='bbox 738 1450 810 1503; x_wconf 91' lang='lat' dir='ltr'>non</span> <span class='ocrx_word' id='word_1_64' title='bbox 836 1444 874 1501; x_wconf 91' lang='lat' dir='ltr'>ut</span> <span class='ocrx_word' id='word_1_65' title='bbox 899 1426 1150 1502; x_wconf 86' lang='lat' dir='ltr'>absolutionem</span> <span class='ocrx_word' id='word_1_66' title='bbox 1174 1422 1371 1525; x_wconf 73' lang='lat' dir='ltr'>conseque·</span> 
     </span>
     <span class='ocr_line' id='line_1_9' title="bbox 151 1521 1368 1631; baseline -0.006 -28"><span class='ocrx_word' id='word_1_67' title='bbox 151 1546 269 1612; x_wconf 87' lang='lat' dir='ltr'>retur,</span> <span class='ocrx_word' id='word_1_68' title='bbox 294 1521 353 1596; x_wconf 93' lang='lat' dir='ltr'>sed</span> <span class='ocrx_word' id='word_1_69' title='bbox 372 1522 445 1616; x_wconf 86' lang='lat' dir='ltr'>ejus</span> <span class='ocrx_word' id='word_1_70' title='bbox 469 1543 538 1595; x_wconf 91' lang='lat' dir='ltr'>con</span> <span class='ocrx_word' id='word_1_71' title='bbox 553 1522 635 1611; x_wconf 77' lang='lat' dir='ltr'>ulio,</span> <span class='ocrx_word' id='word_1_72' title='bbox 668 1524 828 1612; x_wconf 89' lang='lat' dir='ltr'>monito,</span> <span class='ocrx_word' id='word_1_73' title='bbox 855 1540 893 1596; x_wconf 89' lang='lat' dir='ltr'>et</span> <span class='ocrx_word' id='word_1_74' title='bbox 909 1525 1093 1618; x_wconf 83' lang='lat' dir='ltr'><strong>precibus,</strong></span> <span class='ocrx_word' id='word_1_75' title='bbox 1119 1523 1368 1631; x_wconf 81' lang='lat' dir='ltr'>adjuvaretur,</span> 
     </span>
     <span class='ocr_line' id='line_1_10' title="bbox 153 1617 1371 1715; baseline -0.002 -17"><span class='ocrx_word' id='word_1_76' title='bbox 153 1621 249 1714; x_wconf 76' lang='lat' dir='ltr'>Bastl.</span> <span class='ocrx_word' id='word_1_77' title='bbox 273 1621 330 1694; x_wconf 90' lang='lat' dir='ltr'>M.</span> <span class='ocrx_word' id='word_1_78' title='bbox 364 1617 473 1714; x_wconf 82' lang='lat' dir='ltr'>regul.</span> <span class='ocrx_word' id='word_1_79' title='bbox 506 1617 660 1693; x_wconf 86' lang='lat' dir='ltr'>brevior.</span> <span class='ocrx_word' id='word_1_80' title='bbox 692 1617 781 1714; x_wconf 87' lang='lat' dir='ltr'><strong>resp.</strong></span> <span class='ocrx_word' id='word_1_81' title='bbox 819 1639 899 1708; x_wconf 84' lang='lat'><strong>229.</strong></span> <span class='ocrx_word' id='word_1_82' title='bbox 932 1643 1002 1715; x_wconf 92' lang='lat' dir='ltr'>quo</span> <span class='ocrx_word' id='word_1_83' title='bbox 1033 1620 1139 1693; x_wconf 76' lang='lat' dir='ltr'>etiarn</span> <span class='ocrx_word' id='word_1_84' title='bbox 1165 1618 1239 1715; x_wconf 86' lang='lat' dir='ltr'>ejus</span> <span class='ocrx_word' id='word_1_85' title='bbox 1272 1620 1371 1696; x_wconf 82' lang='lat' dir='ltr'>locus</span> 
     </span>
     <span class='ocr_line' id='line_1_11' title="bbox 153 1711 1369 1815; baseline -0.002 -21"><span class='ocrx_word' id='word_1_86' title='bbox 153 1719 198 1795; x_wconf 86' lang='lat' dir='ltr'>ad</span> <span class='ocrx_word' id='word_1_87' title='bbox 226 1714 296 1813; x_wconf 88' lang='lat' dir='ltr'>Jes.</span> <span class='ocrx_word' id='word_1_88' title='bbox 321 1713 389 1802; x_wconf 92' lang='lat' dir='ltr'>X.,</span> <span class='ocrx_word' id='word_1_89' title='bbox 415 1730 453 1784; x_wconf 94' lang='lat' dir='ltr'>et</span> <span class='ocrx_word' id='word_1_90' title='bbox 469 1711 636 1809; x_wconf 84' lang='lat' dir='ltr'>Origeuis</span> <span class='ocrx_word' id='word_1_91' title='bbox 652 1713 746 1788; x_wconf 85' lang='lat' dir='ltr'>horn.</span> <span class='ocrx_word' id='word_1_92' title='bbox 771 1714 817 1789; x_wconf 92' lang='lat' dir='ltr'>ll.</span> <span class='ocrx_word' id='word_1_93' title='bbox 843 1717 884 1788; x_wconf 91' lang='lat' dir='ltr'>ad</span> <span class='ocrx_word' id='word_1_94' title='bbox 901 1714 1018 1791; x_wconf 90' lang='lat' dir='ltr'>Levit.</span> <span class='ocrx_word' id='word_1_95' title='bbox 1044 1715 1227 1812; x_wconf 86' lang='lat' dir='ltr'><strong>pertinet,</strong></span> <span class='ocrx_word' id='word_1_96' title='bbox 1255 1715 1369 1815; x_wconf 84' lang='lat' dir='ltr'>Greg.</span> 
     </span>
     <span class='ocr_line' id='line_1_12' title="bbox 155 1809 1372 1923; baseline -0.002 -38"><span class='ocrx_word' id='word_1_97' title='bbox 155 1817 196 1892; x_wconf 90' lang='lat' dir='ltr'>N</span> <span class='ocrx_word' id='word_1_98' title='bbox 200 1813 306 1911; x_wconf 85' lang='lat' dir='ltr'>yllen.</span> <span class='ocrx_word' id='word_1_99' title='bbox 330 1809 375 1881; x_wconf 92' lang='lat' dir='ltr'>de</span> <span class='ocrx_word' id='word_1_100' title='bbox 404 1810 613 1903; x_wconf 77' lang='lat' dir='ltr'>poenitentia.</span> <span class='ocrx_word' id='word_1_101' title='bbox 661 1829 698 1900; x_wconf 86' lang='lat'>4.</span> <span class='ocrx_word' id='word_1_102' title='bbox 724 1811 859 1914; x_wconf 66' lang='lat' dir='ltr'>Quarta</span> <span class='ocrx_word' id='word_1_103' title='bbox 890 1828 983 1901; x_wconf 80' lang='lat' dir='ltr'>erat,</span> <span class='ocrx_word' id='word_1_104' title='bbox 1025 1811 1153 1923; x_wconf 78' lang='lat' dir='ltr'>siquis</span> <span class='ocrx_word' id='word_1_105' title='bbox 1176 1809 1372 1886; x_wconf 82' lang='lat' dir='ltr'>consuleret</span> 
     </span>
     <span class='ocr_line' id='line_1_13' title="bbox 155 1904 1369 2006; baseline -0.002 -24"><span class='ocrx_word' id='word_1_106' title='bbox 155 1905 391 1992; x_wconf 81' lang='lat' dir='ltr'>sacerdotem,</span> <span class='ocrx_word' id='word_1_107' title='bbox 418 1926 501 1976; x_wconf 88' lang='lat' dir='ltr'>nurn</span> <span class='ocrx_word' id='word_1_108' title='bbox 526 1904 701 2001; x_wconf 86' lang='lat' dir='ltr'>publicam</span> <span class='ocrx_word' id='word_1_109' title='bbox 727 1929 832 2006; x_wconf 85' lang='lat' dir='ltr'>agere</span> <span class='ocrx_word' id='word_1_110' title='bbox 853 1904 978 1980; x_wconf 87' lang='lat' dir='ltr'>debeat</span> <span class='ocrx_word' id='word_1_111' title='bbox 994 1907 1273 2003; x_wconf 81' lang='lat' dir='ltr'>poenitentiam,</span> <span class='ocrx_word' id='word_1_112' title='bbox 1300 1910 1329 1980; x_wconf 89' lang='lat' dir='ltr'>C</span> <span class='ocrx_word' id='word_1_113' title='bbox 1356 1949 1369 1966; x_wconf 94' lang='lat'>-</span> 
     </span>
     <span class='ocr_line' id='line_1_14' title="bbox 156 1933 1368 2109; baseline 0 -32"><span class='ocrx_word' id='word_1_114' title='bbox 156 2003 268 2103; x_wconf 88' lang='lat' dir='ltr'>prian.</span> <span class='ocrx_word' id='word_1_115' title='bbox 301 1999 345 2108; x_wconf 80' lang='lat' dir='ltr'>de</span> <span class='ocrx_word' id='word_1_116' title='bbox 378 1998 516 2109; x_wconf 59' lang='lat' dir='ltr'>dnpſsr,</span> <span class='ocrx_word' id='word_1_117' title='bbox 558 2020 597 2074; x_wconf 90' lang='lat' dir='ltr'>et</span> <span class='ocrx_word' id='word_1_118' title='bbox 629 2001 777 2100; x_wconf 86' lang='lat' dir='ltr'>Origen.</span> <span class='ocrx_word' id='word_1_119' title='bbox 811 2005 907 2076; x_wconf 87' lang='lat' dir='ltr'>hom.</span> <span class='ocrx_word' id='word_1_120' title='bbox 935 2004 981 2076; x_wconf 91' lang='grc' dir='ltr'>ΙΙ.</span> <span class='ocrx_word' id='word_1_121' title='bbox 1015 2003 1058 2077; x_wconf 93' lang='lat' dir='ltr'>ad</span> <span class='ocrx_word' id='word_1_122' title='bbox 1090 2001 1141 2078; x_wconf 88' lang='lat' dir='ltr'>Ps.</span> <span class='ocrx_word' id='word_1_123' title='bbox 1168 1933 1368 2078; x_wconf 49' lang='lat' dir='ltr'>xxxvii.</span> 
     </span>
     <span class='ocr_line' id='line_1_15' title="bbox 158 2093 1371 2197; baseline -0.003 -21"><span class='ocrx_word' id='word_1_124' title='bbox 158 2100 219 2176; x_wconf 80' lang='lat' dir='ltr'>Sic</span> <span class='ocrx_word' id='word_1_125' title='bbox 245 2095 268 2170; x_wconf 82' lang='lat' dir='ltr'>st</span> <span class='ocrx_word' id='word_1_126' title='bbox 293 2117 441 2170; x_wconf 77' lang='lat' dir='ltr'>crimina</span> <span class='ocrx_word' id='word_1_127' title='bbox 465 2096 541 2191; x_wconf 75' lang='lat' dir='ltr'>ejus</span> <span class='ocrx_word' id='word_1_128' title='bbox 564 2093 675 2170; x_wconf 82' lang='lat' dir='ltr'>essent</span> <span class='ocrx_word' id='word_1_129' title='bbox 701 2115 861 2184; x_wconf 86' lang='lat' dir='ltr'>naturae,</span> <span class='ocrx_word' id='word_1_130' title='bbox 887 2114 927 2169; x_wconf 91' lang='lat' dir='ltr'>ut</span> <span class='ocrx_word' id='word_1_131' title='bbox 950 2097 1138 2174; x_wconf 79' lang='lat' dir='ltr'>consessori</span> <span class='ocrx_word' id='word_1_132' title='bbox 1155 2096 1290 2197; x_wconf 77' lang='lat' dir='ltr'>insigne</span> <span class='ocrx_word' id='word_1_133' title='bbox 1308 2121 1371 2191; x_wconf 89' lang='lat' dir='ltr'>pe·</span> 
     </span>
     <span class='ocr_line' id='line_1_16' title="bbox 156 2190 1372 2292; baseline -0.004 -20"><span class='ocrx_word' id='word_1_134' title='bbox 156 2194 304 2272; x_wconf 81' lang='lat' dir='ltr'>&#39;ticulum</span> <span class='ocrx_word' id='word_1_135' title='bbox 328 2211 387 2266; x_wconf 87' lang='lat' dir='ltr'>aut</span> <span class='ocrx_word' id='word_1_136' title='bbox 412 2190 573 2264; x_wconf 88' lang='lat' dir='ltr'>damnum</span> <span class='ocrx_word' id='word_1_137' title='bbox 598 2209 794 2282; x_wconf 83' lang='lat' dir='ltr'>crearetur,</span> <span class='ocrx_word' id='word_1_138' title='bbox 816 2211 877 2283; x_wconf 82' lang='lat' dir='ltr'>aut</span> <span class='ocrx_word' id='word_1_139' title='bbox 891 2192 1082 2269; x_wconf 76' lang='lat' dir='ltr'>Ecclesiam</span> <span class='ocrx_word' id='word_1_140' title='bbox 1096 2193 1232 2292; x_wconf 86' lang='lat' dir='ltr'>pollent</span> <span class='ocrx_word' id='word_1_141' title='bbox 1256 2191 1372 2268; x_wconf 85' lang='lat' dir='ltr'>offen·</span> 
     </span>
     <span class='ocr_line' id='line_1_17' title="bbox 157 2284 1376 2386; baseline -0.002 -19"><span class='ocrx_word' id='word_1_142' title='bbox 157 2292 264 2381; x_wconf 86' lang='lat' dir='ltr'>dere,</span> <span class='ocrx_word' id='word_1_143' title='bbox 286 2293 417 2382; x_wconf 75' lang='lat' dir='ltr'>priuata</span> <span class='ocrx_word' id='word_1_144' title='bbox 442 2284 548 2358; x_wconf 86' lang='lat' dir='ltr'>siebat</span> <span class='ocrx_word' id='word_1_145' title='bbox 570 2284 750 2361; x_wconf 85' lang='lat' dir='ltr'>confessio.</span> <span class='ocrx_word' id='word_1_146' title='bbox 800 2287 903 2361; x_wconf 83' lang='lat' dir='ltr'>Licet</span> <span class='ocrx_word' id='word_1_147' title='bbox 920 2291 1013 2363; x_wconf 84' lang='lat' dir='ltr'>enirn</span> <span class='ocrx_word' id='word_1_148' title='bbox 1038 2313 1078 2365; x_wconf 87' lang='lat' dir='ltr'>ea</span> <span class='ocrx_word' id='word_1_149' title='bbox 1102 2288 1271 2379; x_wconf 89' lang='lat' dir='ltr'>subinde,</span> <span class='ocrx_word' id='word_1_150' title='bbox 1298 2286 1376 2386; x_wconf 82' lang='lat' dir='ltr'>post</span> 
     </span>
     <span class='ocr_line' id='line_1_18' title="bbox 158 2379 1378 2481; baseline -0.002 -17"><span class='ocrx_word' id='word_1_151' title='bbox 158 2387 328 2479; x_wconf 75' lang='lat' dir='ltr'>secretam</span> <span class='ocrx_word' id='word_1_152' title='bbox 354 2379 624 2473; x_wconf 86' lang='lat' dir='ltr'>confessionem,</span> <span class='ocrx_word' id='word_1_153' title='bbox 656 2380 788 2459; x_wconf 87' lang='lat' dir='ltr'>fuerint</span> <span class='ocrx_word' id='word_1_154' title='bbox 813 2383 1008 2481; x_wconf 88' lang='lat' dir='ltr'>publicata,</span> <span class='ocrx_word' id='word_1_155' title='bbox 1040 2404 1077 2459; x_wconf 90' lang='lat' dir='ltr'>et</span> <span class='ocrx_word' id='word_1_156' title='bbox 1110 2385 1155 2458; x_wconf 91' lang='lat' dir='ltr'>de</span> <span class='ocrx_word' id='word_1_157' title='bbox 1178 2385 1297 2460; x_wconf 87' lang='lat' dir='ltr'>libello</span> <span class='ocrx_word' id='word_1_158' title='bbox 1322 2384 1378 2463; x_wconf 80' lang='lat' dir='ltr'>re·</span> 
     </span>
    </p>
   </div>
   <div class='ocr_carea' id='block_1_3' title="bbox 136 2475 1376 2649">
    <p class='ocr_par' dir='ltr' id='par_1_3' title="bbox 136 2475 1376 2649">
     <span class='ocr_line' id='line_1_19' title="bbox 136 2475 1376 2649; baseline -0.016 -87"><span class='ocrx_word' id='word_1_159' title='bbox 136 2475 302 2570; x_wconf 77' lang='lat' dir='ltr'>citata,</span> <span class='ocrx_word' id='word_1_160' title='bbox 319 2483 394 2552; x_wconf 91' lang='lat' dir='ltr'>Leo</span> <span class='ocrx_word' id='word_1_161' title='bbox 420 2480 475 2552; x_wconf 90' lang='lat' dir='ltr'>M.</span> <span class='ocrx_word' id='word_1_162' title='bbox 502 2477 537 2550; x_wconf 90' lang='lat' dir='ltr'>id</span> <span class='ocrx_word' id='word_1_163' title='bbox 563 2477 642 2552; x_wconf 87' lang='lat' dir='ltr'>fieri</span> <span class='ocrx_word' id='word_1_164' title='bbox 665 2480 802 2567; x_wconf 88' lang='lat' dir='ltr'>vetuit,</span> <span class='ocrx_word' id='word_1_165' title='bbox 826 2501 883 2575; x_wconf 90' lang='lat' dir='ltr'>ep.</span> <span class='ocrx_word' id='word_1_166' title='bbox 910 2488 969 2560; x_wconf 90' lang='lat'>80.</span> <span class='ocrx_word' id='word_1_167' title='bbox 995 2482 1036 2555; x_wconf 92' lang='lat' dir='ltr'>ad</span> <span class='ocrx_word' id='word_1_168' title='bbox 1062 2479 1258 2649; x_wconf 54' lang='lat' dir='ltr'>Episcopus</span> <span class='ocrx_word' id='word_1_169' title='bbox 1274 2483 1376 2563; x_wconf 71' lang='lat' dir='ltr'>cam.</span> 
     </span>
    </p>
   </div>
   <div class='ocr_carea' id='block_1_4' title="bbox 91 2573 1394 4306">
    <p class='ocr_par' dir='ltr' id='par_1_4' title="bbox 157 2573 1382 2968">
     <span class='ocr_line' id='line_1_20' title="bbox 157 2573 1375 2676; baseline 0.001 -21"><span class='ocrx_word' id='word_1_170' title='bbox 157 2581 296 2676; x_wconf 80' lang='lat' dir='ltr'>patriae.</span> <span class='ocrx_word' id='word_1_171' title='bbox 346 2574 432 2649; x_wconf 91' lang='lat' dir='ltr'>Vid.</span> <span class='ocrx_word' id='word_1_172' title='bbox 458 2592 495 2644; x_wconf 93' lang='lat' dir='ltr'>et</span> <span class='ocrx_word' id='word_1_173' title='bbox 526 2573 621 2647; x_wconf 86' lang='lat' dir='ltr'>Bnfil.</span> <span class='ocrx_word' id='word_1_174' title='bbox 645 2575 702 2648; x_wconf 90' lang='lat' dir='ltr'>M.</span> <span class='ocrx_word' id='word_1_175' title='bbox 735 2595 810 2648; x_wconf 84' lang='lat' dir='ltr'>can.</span> <span class='ocrx_word' id='word_1_176' title='bbox 839 2597 896 2669; x_wconf 82' lang='lat'>34.</span> <span class='ocrx_word' id='word_1_177' title='bbox 921 2595 960 2650; x_wconf 88' lang='lat' dir='ltr'>et</span> <span class='ocrx_word' id='word_1_178' title='bbox 985 2578 1090 2669; x_wconf 82' lang='lat' dir='ltr'>Augu</span> <span class='ocrx_word' id='word_1_179' title='bbox 1121 2578 1168 2651; x_wconf 92' lang='lat' dir='ltr'>in.</span> <span class='ocrx_word' id='word_1_180' title='bbox 1194 2579 1294 2653; x_wconf 89' lang='lat' dir='ltr'>serm.</span> <span class='ocrx_word' id='word_1_181' title='bbox 1319 2585 1375 2657; x_wconf 90' lang='lat'>16.</span> 
     </span>
     <span class='ocr_line' id='line_1_21' title="bbox 162 2668 1378 2775; baseline 0.006 -33"><span class='ocrx_word' id='word_1_182' title='bbox 162 2678 209 2752; x_wconf 81' lang='lat' dir='ltr'>de</span> <span class='ocrx_word' id='word_1_183' title='bbox 232 2673 338 2748; x_wconf 73' lang='lat' dir='ltr'>uerbis</span> <span class='ocrx_word' id='word_1_184' title='bbox 364 2668 508 2740; x_wconf 78' lang='lat' dir='ltr'>Domini.</span> <span class='ocrx_word' id='word_1_185' title='bbox 550 2668 642 2775; x_wconf 63' lang='lat' dir='ltr'>⁸Quo</span> <span class='ocrx_word' id='word_1_186' title='bbox 667 2670 773 2741; x_wconf 85' lang='lat' dir='ltr'>etiam</span> <span class='ocrx_word' id='word_1_187' title='bbox 799 2670 925 2768; x_wconf 86' lang='lat' dir='ltr'>referri</span> <span class='ocrx_word' id='word_1_188' title='bbox 953 2671 1087 2768; x_wconf 89' lang='lat' dir='ltr'>potest,</span> <span class='ocrx_word' id='word_1_189' title='bbox 1112 2674 1203 2770; x_wconf 92' lang='lat' dir='ltr'>quod</span> <span class='ocrx_word' id='word_1_190' title='bbox 1225 2674 1378 2767; x_wconf 85' lang='lat' dir='ltr'>Ambro-</span> 
     </span>
     <span class='ocr_line' id='line_1_22' title="bbox 164 2762 1382 2865; baseline 0.007 -25"><span class='ocrx_word' id='word_1_191' title='bbox 164 2770 232 2849; x_wconf 78' lang='lat' dir='ltr'>fius</span> <span class='ocrx_word' id='word_1_192' title='bbox 255 2766 358 2838; x_wconf 88' lang='lat' dir='ltr'>habet</span> <span class='ocrx_word' id='word_1_193' title='bbox 383 2762 427 2833; x_wconf 93' lang='lat' dir='ltr'>de</span> <span class='ocrx_word' id='word_1_194' title='bbox 452 2780 587 2854; x_wconf 79' lang='lat' dir='ltr'>poenit.</span> <span class='ocrx_word' id='word_1_195' title='bbox 621 2762 644 2834; x_wconf 92' lang='lat' dir='ltr'>l.</span> <span class='ocrx_word' id='word_1_196' title='bbox 671 2763 701 2839; x_wconf 89' lang='lat'>1.</span> <span class='ocrx_word' id='word_1_197' title='bbox 726 2785 757 2840; x_wconf 89' lang='lat' dir='ltr'>c.</span> <span class='ocrx_word' id='word_1_198' title='bbox 785 2774 840 2840; x_wconf 86' lang='lat'>16.</span> <span class='ocrx_word' id='word_1_199' title='bbox 864 2768 902 2840; x_wconf 79' lang='lat' dir='ltr'>de</span> <span class='ocrx_word' id='word_1_200' title='bbox 925 2785 980 2857; x_wconf 78' lang='lat' dir='ltr'>to,</span> <span class='ocrx_word' id='word_1_201' title='bbox 1012 2774 1065 2865; x_wconf 80' lang='lat' dir='ltr'>qni</span> <span class='ocrx_word' id='word_1_202' title='bbox 1090 2772 1216 2847; x_wconf 72' lang='lat' dir='ltr'>occulta</span> <span class='ocrx_word' id='word_1_203' title='bbox 1241 2774 1382 2849; x_wconf 78' lang='lat' dir='ltr'>trintina</span> 
     </span>
     <span class='ocr_line' id='line_1_23' title="bbox 164 2860 1381 2968; baseline 0.007 -33"><span class='ocrx_word' id='word_1_204' title='bbox 164 2867 305 2949; x_wconf 75' lang='lat' dir='ltr'>iubens,</span> <span class='ocrx_word' id='word_1_205' title='bbox 347 2873 456 2930; x_wconf 83' lang='lat' dir='ltr'>tannen</span> <span class='ocrx_word' id='word_1_206' title='bbox 477 2860 708 2948; x_wconf 78' lang='lat' dir='ltr'>poenitentiam</span> <span class='ocrx_word' id='word_1_207' title='bbox 730 2865 843 2956; x_wconf 79' lang='lat' dir='ltr'>egerit.</span> <span class='ocrx_word' id='word_1_208' title='bbox 891 2867 1053 2939; x_wconf 83' lang='lat' dir='ltr'>Ceterum</span> <span class='ocrx_word' id='word_1_209' title='bbox 1078 2865 1134 2941; x_wconf 82' lang='lat' dir='ltr'>his</span> <span class='ocrx_word' id='word_1_210' title='bbox 1163 2865 1200 2940; x_wconf 88' lang='lat' dir='ltr'>in</span> <span class='ocrx_word' id='word_1_211' title='bbox 1225 2864 1381 2968; x_wconf 82' lang='lat' dir='ltr'>casibus,</span> 
     </span>
    </p>

    <p class='ocr_par' dir='ltr' id='par_1_5' title="bbox 91 2949 1387 3739">
     <span class='ocr_line' id='line_1_24' title="bbox 91 2949 1383 3061; baseline 0.009 -34"><span class='ocrx_word' id='word_1_212' title='bbox 91 2964 93 2969; x_wconf 88' lang='grc'><strong>’</strong></span> <span class='ocrx_word' id='word_1_213' title='bbox 155 2978 207 3039; x_wconf 65' lang='lat' dir='ltr'>ut</span> <span class='ocrx_word' id='word_1_214' title='bbox 225 2972 428 3056; x_wconf 83' lang='lat' dir='ltr'>peccatores</span> <span class='ocrx_word' id='word_1_215' title='bbox 453 2949 582 3026; x_wconf 63' lang='lat' dir='ltr'>rectius</span> <span class='ocrx_word' id='word_1_216' title='bbox 601 2954 872 3049; x_wconf 81' lang='lat' dir='ltr'>instruerentur,</span> <span class='ocrx_word' id='word_1_217' title='bbox 895 2973 980 3049; x_wconf 82' lang='lat' dir='ltr'>num</span> <span class='ocrx_word' id='word_1_218' title='bbox 1007 2960 1179 3056; x_wconf 84' lang='lat' dir='ltr'>publicam</span> <span class='ocrx_word' id='word_1_219' title='bbox 1196 2986 1304 3061; x_wconf 85' lang='lat' dir='ltr'>agere</span> <span class='ocrx_word' id='word_1_220' title='bbox 1322 2964 1383 3049; x_wconf 83' lang='lat' dir='ltr'>de·</span> 
     </span>
     <span class='ocr_line' id='line_1_25' title="bbox 158 3048 1385 3169; baseline 0.003 -37"><span class='ocrx_word' id='word_1_221' title='bbox 158 3060 276 3133; x_wconf 74' lang='lat' dir='ltr'>‚beant</span> <span class='ocrx_word' id='word_1_222' title='bbox 300 3048 578 3148; x_wconf 85' lang='lat' dir='ltr'>poenitentiam,</span> <span class='ocrx_word' id='word_1_223' title='bbox 618 3050 713 3127; x_wconf 86' lang='lat' dir='ltr'>simul</span> <span class='ocrx_word' id='word_1_224' title='bbox 741 3055 944 3153; x_wconf 87' lang='lat' dir='ltr'>quomodo</span> <span class='ocrx_word' id='word_1_225' title='bbox 976 3056 1047 3131; x_wconf 85' lang='lat' dir='ltr'>sese</span> <span class='ocrx_word' id='word_1_226' title='bbox 1073 3057 1111 3133; x_wconf 90' lang='lat' dir='ltr'>in</span> <span class='ocrx_word' id='word_1_227' title='bbox 1134 3080 1174 3134; x_wconf 89' lang='lat' dir='ltr'>ea</span> <span class='ocrx_word' id='word_1_228' title='bbox 1198 3079 1385 3169; x_wconf 75' lang='lat' dir='ltr'>gererent,</span> 
     </span>
     <span class='ocr_line' id='line_1_26' title="bbox 156 3145 1387 3249; baseline 0.006 -22"><span class='ocrx_word' id='word_1_229' title='bbox 156 3149 279 3227; x_wconf 81' lang='lat' dir='ltr'>-variit</span> <span class='ocrx_word' id='word_1_230' title='bbox 318 3148 356 3223; x_wconf 91' lang='lat' dir='ltr'>in</span> <span class='ocrx_word' id='word_1_231' title='bbox 390 3145 552 3223; x_wconf 79' lang='lat' dir='ltr'>Ecclesrio</span> <span class='ocrx_word' id='word_1_232' title='bbox 586 3149 731 3249; x_wconf 79' lang='lat' dir='ltr'>minister</span> <span class='ocrx_word' id='word_1_233' title='bbox 762 3157 1032 3247; x_wconf 78' lang='lat' dir='ltr'>poenitentiarius</span> <span class='ocrx_word' id='word_1_234' title='bbox 1062 3153 1176 3230; x_wconf 70' lang='lat' dir='ltr'>diuus</span> <span class='ocrx_word' id='word_1_235' title='bbox 1205 3153 1387 3235; x_wconf 76' lang='lat' dir='ltr'>institutus</span> 
     </span>
     <span class='ocr_line' id='line_1_27' title="bbox 167 3245 1385 3347; baseline 0.005 -24"><span class='ocrx_word' id='word_1_236' title='bbox 167 3248 260 3336; x_wconf 79' lang='lat' dir='ltr'>fuit,</span> <span class='ocrx_word' id='word_1_237' title='bbox 283 3245 343 3320; x_wconf 88' lang='lat' dir='ltr'>cui</span> <span class='ocrx_word' id='word_1_238' title='bbox 369 3254 472 3331; x_wconf 76' lang='lat' dir='ltr'>eum,</span> <span class='ocrx_word' id='word_1_239' title='bbox 496 3267 600 3339; x_wconf 91' lang='lat' dir='ltr'>quem</span> <span class='ocrx_word' id='word_1_240' title='bbox 623 3245 716 3335; x_wconf 84' lang='lat' dir='ltr'>dixi,</span> <span class='ocrx_word' id='word_1_241' title='bbox 741 3265 779 3318; x_wconf 89' lang='lat' dir='ltr'>et</span> <span class='ocrx_word' id='word_1_242' title='bbox 804 3270 875 3319; x_wconf 91' lang='lat' dir='ltr'>non</span> <span class='ocrx_word' id='word_1_243' title='bbox 899 3248 1023 3341; x_wconf 87' lang='lat' dir='ltr'>alium,</span> <span class='ocrx_word' id='word_1_244' title='bbox 1052 3250 1089 3323; x_wconf 89' lang='lat' dir='ltr'>in</span> <span class='ocrx_word' id='word_1_245' title='bbox 1107 3250 1214 3324; x_wconf 88' lang='lat' dir='ltr'>finem</span> <span class='ocrx_word' id='word_1_246' title='bbox 1235 3273 1385 3347; x_wconf 80' lang='lat' dir='ltr'>peccata</span> 
     </span>
     <span class='ocr_line' id='line_1_28' title="bbox 172 3339 1386 3434; baseline 0.007 -17"><span class='ocrx_word' id='word_1_247' title='bbox 172 3343 229 3418; x_wconf 88' lang='lat' dir='ltr'>sua</span> <span class='ocrx_word' id='word_1_248' title='bbox 254 3339 535 3425; x_wconf 87' lang='lat' dir='ltr'>confitebantur,</span> <span class='ocrx_word' id='word_1_249' title='bbox 578 3339 718 3413; x_wconf 87' lang='lat' dir='ltr'>Sozotn.</span> <span class='ocrx_word' id='word_1_250' title='bbox 743 3341 793 3412; x_wconf 89' lang='lat' dir='ltr'>H.</span> <span class='ocrx_word' id='word_1_251' title='bbox 819 3342 904 3417; x_wconf 91' lang='lat' dir='ltr'>Vll:</span> <span class='ocrx_word' id='word_1_252' title='bbox 933 3350 988 3419; x_wconf 90' lang='lat'>16.</span> <span class='ocrx_word' id='word_1_253' title='bbox 1037 3348 1119 3421; x_wconf 85' lang='lat' dir='ltr'>Fuit</span> <span class='ocrx_word' id='word_1_254' title='bbox 1150 3366 1270 3424; x_wconf 88' lang='lat' dir='ltr'>autem</span> <span class='ocrx_word' id='word_1_255' title='bbox 1292 3369 1386 3434; x_wconf 81' lang='lat' dir='ltr'>tem-</span> 
     </span>
     <span class='ocr_line' id='line_1_29' title="bbox 211 3429 1387 3612; baseline 0.021 -113"><span class='ocrx_word' id='word_1_256' title='bbox 211 3429 756 3608; x_wconf 44' lang='lat' dir='ltr'>{effleggffiffiffffgfffiff&#39;em</span> <span class='ocrx_word' id='word_1_257' title='bbox 770 3435 933 3544; x_wconf 28' lang='lat' dir='ltr'>‘primurn</span> <span class='ocrx_word' id='word_1_258' title='bbox 944 3439 1175 3612; x_wconf 44' lang='lat' dir='ltr'>funtffdfflm</span> <span class='ocrx_word' id='word_1_259' title='bbox 1186 3500 1210 3554; x_wconf 74' lang='lat'>⁹.</span> <span class='ocrx_word' id='word_1_260' title='bbox 1223 3444 1282 3520; x_wconf 91' lang='lat' dir='ltr'>sed</span> <span class='ocrx_word' id='word_1_261' title='bbox 1299 3447 1387 3525; x_wconf 86' lang='lat' dir='ltr'>dein</span> 
     </span>
     <span class='ocr_line' id='line_1_30' title="bbox 172 3540 1387 3731; baseline 0.011 -31"><span class='ocrx_word' id='word_1_262' title='bbox 172 3558 306 3716; x_wconf 51' lang='lat' dir='ltr'>firmo,</span> <span class='ocrx_word' id='word_1_263' title='bbox 343 3621 424 3697; x_wconf 84' lang='lat' dir='ltr'>dein</span> <span class='ocrx_word' id='word_1_264' title='bbox 452 3586 549 3697; x_wconf 81' lang='lat' dir='ltr'>utox&#39;</span> <span class='ocrx_word' id='word_1_265' title='bbox 563 3550 606 3697; x_wconf 53' lang='grc' dir='ltr'>αἱ</span> <span class='ocrx_word' id='word_1_266' title='bbox 635 3553 919 3714; x_wconf 48' lang='lat' dir='ltr'>girisfnsndffita</span> <span class='ocrx_word' id='word_1_267' title='bbox 940 3540 1387 3731; x_wconf 48' lang='grc' dir='ltr'>Η.εῑῗῃ(1)9.ΕξιῑΓςὲοξῖιὲἶ</span> 
     </span>
    </p>

    <p class='ocr_par' dir='ltr' id='par_1_6' title="bbox 154 3719 1394 4306">
     <span class='ocr_line' id='line_1_31' title="bbox 170 3719 1389 3834; baseline 0.014 -42"><span class='ocrx_word' id='word_1_268' title='bbox 170 3730 197 3806; x_wconf 79' lang='lat'>1.</span> <span class='ocrx_word' id='word_1_269' title='bbox 221 3747 259 3820; x_wconf 25' lang='lat' dir='ltr'>c..</span> <span class='ocrx_word' id='word_1_270' title='bbox 300 3719 337 3797; x_wconf 85' lang='lat' dir='ltr'>A</span> <span class='ocrx_word' id='word_1_271' title='bbox 359 3737 616 3829; x_wconf 60' lang='lat' dir='ltr'>quotempote</span> <span class='ocrx_word' id='word_1_272' title='bbox 645 3722 826 3834; x_wconf 76' lang='lat' dir='ltr'>disciplina</span> <span class='ocrx_word' id='word_1_273' title='bbox 849 3727 1043 3822; x_wconf 78' lang='lat' dir='ltr'>Ecclesiae,</span> <span class='ocrx_word' id='word_1_274' title='bbox 1083 3731 1244 3830; x_wconf 77' lang='lat' dir='ltr'>respedlu</span> <span class='ocrx_word' id='word_1_275' title='bbox 1268 3735 1389 3830; x_wconf 88' lang='lat' dir='ltr'>priva·</span> 
     </span>
     <span class='ocr_line' id='line_1_32' title="bbox 170 3814 1388 3935; baseline 0.012 -42"><span class='ocrx_word' id='word_1_276' title='bbox 170 3839 291 3935; x_wconf 70' lang='lat' dir='ltr'>torum</span> <span class='ocrx_word' id='word_1_277' title='bbox 314 3814 595 3908; x_wconf 77' lang='lat' dir='ltr'>commissorum,</span> <span class='ocrx_word' id='word_1_278' title='bbox 621 3819 768 3932; x_wconf 61' lang='lat' dir='ltr'>traditur</span> <span class='ocrx_word' id='word_1_279' title='bbox 784 3820 875 3898; x_wconf 91' lang='lat' dir='ltr'>haud</span> <span class='ocrx_word' id='word_1_280' title='bbox 900 3849 1022 3921; x_wconf 87' lang='lat' dir='ltr'>parum</span> <span class='ocrx_word' id='word_1_281' title='bbox 1045 3826 1236 3919; x_wconf 86' lang='lat' dir='ltr'>inminuta,</span> <span class='ocrx_word' id='word_1_282' title='bbox 1259 3831 1388 3932; x_wconf 87' lang='lat' dir='ltr'>cuique</span> 
     </span>
     <span class='ocr_line' id='line_1_33' title="bbox 172 3911 1389 4016; baseline 0.017 -30"><span class='ocrx_word' id='word_1_283' title='bbox 172 3938 282 4009; x_wconf 60' lang='lat' dir='ltr'>ntum</span> <span class='ocrx_word' id='word_1_284' title='bbox 312 3912 392 3989; x_wconf 81' lang='lat' dir='ltr'>data</span> <span class='ocrx_word' id='word_1_285' title='bbox 417 3911 484 3987; x_wconf 78' lang='lat' dir='ltr'>hac</span> <span class='ocrx_word' id='word_1_286' title='bbox 531 3931 607 3986; x_wconf 81' lang='lat' dir='ltr'>arte</span> <span class='ocrx_word' id='word_1_287' title='bbox 629 3911 664 3988; x_wconf 83' lang='lat' dir='ltr'>se</span> <span class='ocrx_word' id='word_1_288' title='bbox 695 3939 708 3988; x_wconf 88' lang='lat'>1</span> <span class='ocrx_word' id='word_1_289' title='bbox 737 3917 810 3993; x_wconf 82' lang='lat' dir='ltr'>sum</span> <span class='ocrx_word' id='word_1_290' title='bbox 833 3921 1005 4014; x_wconf 88' lang='lat' dir='ltr'>probandi</span> <span class='ocrx_word' id='word_1_291' title='bbox 1030 3945 1113 4000; x_wconf 89' lang='lat' dir='ltr'>ante</span> <span class='ocrx_word' id='word_1_292' title='bbox 1145 3925 1389 4016; x_wconf 80' lang='lat' dir='ltr'>eucharistiam</span> 
     </span>
     <span class='ocr_line' id='line_1_34' title="bbox 168 3941 1394 4192; baseline 0.015 -108.84"><span class='ocrx_word' id='word_1_293' title='bbox 168 4004 327 4192; x_wconf 47' lang='lat' dir='ltr'>staff.</span> <span class='ocrx_word' id='word_1_294' title='bbox 376 4008 462 4085; x_wconf 82' lang='lat' dir='ltr'>vid.</span> <span class='ocrx_word' id='word_1_295' title='bbox 535 4009 613 4086; x_wconf 86' lang='lat' dir='ltr'>ales.</span> <span class='ocrx_word' id='word_1_296' title='bbox 645 3941 789 4121; x_wconf 53' lang='lat' dir='ltr'>edgoz.</span> <span class='ocrx_word' id='word_1_297' title='bbox 821 4016 872 4092; x_wconf 71' lang='grc' dir='ltr'>Η.</span> <span class='ocrx_word' id='word_1_298' title='bbox 907 4017 975 4094; x_wconf 87' lang='lat' dir='ltr'>VI:</span> <span class='ocrx_word' id='word_1_299' title='bbox 1003 4029 1061 4100; x_wconf 79' lang='lat'>28.</span> <span class='ocrx_word' id='word_1_300' title='bbox 1105 4021 1248 4099; x_wconf 85' lang='lat' dir='ltr'>Publica</span> <span class='ocrx_word' id='word_1_301' title='bbox 1279 4032 1394 4122; x_wconf 72' lang='lat' dir='ltr'>vern,⁸</span> 
     </span>
     <span class='ocr_line' id='line_1_35' title="bbox 162 4104 1393 4293; baseline 0.011 -109"><span class='ocrx_word' id='word_1_302' title='bbox 162 4134 233 4202; x_wconf 74' lang='lat' dir='ltr'>ur·</span> <span class='ocrx_word' id='word_1_303' title='bbox 324 4104 580 4204; x_wconf 53' lang='lat' dir='ltr'>soculoiiocupa</span> <span class='ocrx_word' id='word_1_304' title='bbox 598 4108 741 4205; x_wconf 75' lang='lat' dir='ltr'>habult,</span> <span class='ocrx_word' id='word_1_305' title='bbox 764 4112 994 4215; x_wconf 76' lang='lat' dir='ltr'>poenitentia</span> <span class='ocrx_word' id='word_1_306' title='bbox 1017 4117 1055 4197; x_wconf 87' lang='lat' dir='ltr'>in</span> <span class='ocrx_word' id='word_1_307' title='bbox 1081 4116 1345 4293; x_wconf 68' lang='lat' dir='ltr'>desuetudipenst</span> <span class='ocrx_word' id='word_1_308' title='bbox 1370 4147 1393 4197; x_wconf 83' lang='lat' dir='ltr'>a</span> 
     </span>
     <span class='ocr_line' id='line_1_36' title="bbox 154 4238 1393 4306; baseline 0.007 -24"><span class='ocrx_word' id='word_1_309' title='bbox 154 4239 249 4306; x_wconf 68' lang='grc'>,,·-·;·,</span> <span class='ocrx_word' id='word_1_310' title='bbox 326 4272 333 4282; x_wconf 92' lang='grc'><strong>.</strong></span> <span class='ocrx_word' id='word_1_311' title='bbox 728 4254 731 4259; x_wconf 60' lang='lat'>&gt;</span> <span class='ocrx_word' id='word_1_312' title='bbox 993 4282 997 4287; x_wconf 85' lang='lat'><strong>.</strong></span> <span class='ocrx_word' id='word_1_313' title='bbox 1150 4241 1169 4256; x_wconf 71' lang='lat'>¹·</span> <span class='ocrx_word' id='word_1_314' title='bbox 1335 4238 1393 4298; x_wconf 87' lang='lat' dir='ltr'>ec.</span> 
     </span>
    </p>
   </div>
   <div class='ocr_carea' id='block_1_5' title="bbox 0 0 1542 4830">
    <p class='ocr_par' dir='ltr' id='par_1_7' title="bbox 0 0 1542 4830">
     <span class='ocr_line' id='line_1_37' title="bbox 0 0 1542 4830; baseline 0 0"><span class='ocrx_word' id='word_1_315' title='bbox 0 0 1542 4830; x_wconf 95' lang='lat' dir='ltr'> </span> 
     </span>
    </p>
   </div>
  </div>
 </body>
</html>
