3008 4830
141 709 219 784 240
390 696 394 703 '
527 681 682 788 fflflorta·
697 590 830 785 noctes.
855 678 974 786 diost.

143 865 288 945 historia
307 864 539 945 dverfimode
559 882 736 959 narratur,
765 868 909 944 sozom.
931 868 956 943 Ι.
980 865 1016 941 ci
1063 864 1234 949 Ceterum
1258 872 1302 952 hu

142 964 308 1041 historiae
333 964 514 1063 respeetu,
552 962 643 1041 dixit
663 965 689 1040 Ι.
715 961 779 1040 cie
813 962 1077 1062 Hieronymus,
1115 970 1268 1047 mundum
1300 1026 1302 1045 .

142 1068 317 1154 mirram,
338 1058 382 1159 se
396 1060 510 1161 subito
525 1057 661 1157 fadum
683 1059 868 1136 Ariorum:
898 1061 993 1158 quod
1017 1084 1092 1136 non
1113 1061 1165 1139 ita
1186 1065 1240 1142 est
1264 1090 1302 1144 ca

142 1157 293 1247 endum,
326 1157 395 1233 a'cfi
419 1160 536 1233 Patres
564 1152 756 1232 firmassent
781 1157 821 1231 in
852 1157 996 1252 Synodo
1018 1156 1236 1237 Ariminensi
1257 1164 1302 1239 Ar

141 1253 310 1348 nismum,
333 1254 393 1329 sed
407 1254 521 1354 quod,
546 1274 676 1328 vocem
700 1259 783 1333 iotae
792 1250 1003 1352 substantiae
1028 1251 1067 1327 in
1092 1257 1242 1352 gratiam
1256 1261 1302 1336 A1

140 1372 267 1427 norum
291 1347 516 1442 omittendo,
555 1349 641 1423 illud
665 1349 712 1426 de
735 1354 770 1427 se
793 1348 959 1446 opinandi
993 1351 1212 1428 occafionem
1242 1355 1302 1431 der

142 1448 241 1538 sent,
274 1466 314 1521 ut
339 1469 385 1520 ex
417 1445 545 1522 eodem
566 1443 635 1520 diri
684 1449 821 1524 ohaud
846 1443 991 1520 obscure
1018 1446 1197 1526 elucescit,
1244 1452 1302 1526 Sel

140 1543 618 1715 iiiiroqiiie'ieieiiiniff
640 1564 734 1713 aii?
755 1541 1233 1739 rigicsiffiiaisiissiiiseemiii
1247 1548 1302 1719 fii

604 1691 617 1728 a
1142 1694 1154 1731 a
1298 1679 1302 1712 ¹

139 1737 339 1813 Nicaenam
361 1734 490 1809 vellent
509 1730 697 1825 abolitam,
721 1733 813 1809 vicit
837 1731 1147 1810 Semi-arianorum
1170 1759 1302 1813 numen

139 1835 231 1909 duce
255 1827 415 1924 Georgio
436 1829 661 1922 Laodiceno,
694 1849 731 1904 et
754 1829 902 1904 formula
926 1826 1172 1921 Antiochena,
1212 1857 1244 1910 a.
1270 1858 1302 1931 3¹

139 1929 239 2018 cusa,
264 1925 322 2001 ubi
341 1922 437 2001 deest
450 1948 526 2001 vox
539 1921 748 2023 minooussor,
765 1927 968 2002 confirmata
985 1923 1057 2013 est,
1076 1925 1275 2005 Socrat.11:
1294 1954 1302 2025 g

139 2026 282 2115 Sozom.
307 2021 377 2097 IV:
404 2043 460 2118 23.
487 2022 662 2115 Hilarius,
687 2024 748 2119 qui
773 2019 957 2108 interfuit,
980 2021 1016 2094 in
1033 2020 1093 2096 lib.
1118 2042 1244 2100 contra
1259 2028 1302 2101 O<

139 2119 321 2196 stantium.
373 2120 401 2191 F
403 2118 534 2192 ormula
559 2141 647 2192 vero
661 2114 910 2204 Ariminensrs,
928 2115 986 2191 sed
1009 2137 1205 2195 nevaeum
1222 2122 1302 2220 adp«

137 2217 238 2305 dice,
263 2212 402 2311 rejectis
428 2212 574 2287 vocibus
601 2210 807 2291 substantiae
830 2230 868 2286 et
888 2210 1133 2311 hypostafios,
1146 2215 1302 2294 confirm

139 2312 193 2388 est
218 2312 256 2388 in
280 2310 425 2410 Synodo
449 2308 552 2383 CPol.
577 2332 609 2382 a.
637 2329 708 2404 359
732 2327 770 2382 et
794 2314 875 2403 360.
925 2308 1025 2409 Quae
1044 2311 1236 2386 multorum
1254 2315 1302 2412 Er

138 2432 309 2508 coporum
333 2403 554 2481 abdicatione
579 2423 617 2478 et
641 2404 842 2501 expulsione
867 2402 1031 2477 famosam
1055 2403 1092 2478 se
1116 2406 1302 2502 praestitit.

187 2507 219 2605 ᾗ.
244 2504 441 2579 CCXXIV.
495 2525 549 2596 13.
583 2503 721 2575 Interea
767 2497 854 2573 fides
892 2499 1055 2573 Nicaena
1097 2522 1202 2598 caput
1238 2504 1302 2581 den

145 2601 262 2674 erexit
283 2600 320 2672 in
347 2597 469 2671 Gallia.
520 2594 660 2669 Hilario
682 2597 778 2668 enim
810 2594 939 2668 reduce
966 2593 1128 2690 Synodus
1159 2598 1282 2677 habita

137 2692 354 2786 Parifiensts,
395 2715 424 2764 a.
451 2697 532 2786 360.
585 2693 628 2763 ln
652 2715 717 2786 qua
749 2692 896 2764 formula
920 2689 1165 2784 Ariminenfis,
1207 2700 1251 2772 ab
1275 2696 1302 2795 i1

137 2785 732 2981 iudiistqfflsiiu{iiiiipqsfiffq‘i‘e’
747 2787 959 2956 iiiiii,
976 2786 1302 2980 {tpdisszitnffd

135 2986 175 3061 in
191 2979 408 3076 fragmentis.
461 2977 530 3052 Sed
563 3002 617 3070 14.
644 2978 680 3051 in
706 2979 851 3076 Synodo
874 2978 1121 3070 Antiocheno,
1146 3005 1176 3057 a.
1204 2991 1288 3077 361.

137 3080 280 3154 Arianis
297 3073 437 3165 coatia,
461 3100 566 3150 verus
582 3072 792 3150 Arianismus
812 3073 862 3149 est
878 3073 1056 3163 recouus,
1080 3077 1302 3179 decretumqt

136 3176 264 3249 Filium
303 3173 371 3248 effe
406 3174 499 3249 Patri
532 3184 687 3250 παντιλὸς
710 3173 839 3268 deiparat
869 3181 922 3247 rai
945 3180 977 3246 ta
1001 3183 1055 3246 riu
1084 3180 1120 3246 eir
1146 3181 1231 3250 ivm
1256 3179 1302 3273 pit

136 3269 319 3366 dtfflmilun
343 3286 375 3340 et
396 3294 441 3343 eo·
476 3296 534 3342 non
558 3270 790 3366 existentibus:
830 3271 920 3343 unde
944 3269 1098 3343 Anotnoei
1118 3287 1151 3343 et
1176 3275 1302 3350 Exucor

138 3366 226 3442 dieti
251 3366 337 3437 sunt.
389 3366 573 3436 Praeterea
608 3364 794 3450 Meterius,
836 3363 895 3461 qui
921 3365 1083 3461 proxime
1115 3370 1302 3462 praeceder

136 3462 280 3560 Synodo
300 3456 521 3532 Antiocheno
543 3460 587 3532 de
612 3458 691 3531 sede
715 3458 900 3533 Sebastena
927 3463 970 3535 ad
994 3461 1260 3540 Antiochenam
1280 3489 1302 3543 e

136 3556 336 3644 transsatus,
380 3579 420 3627 ea
451 3552 507 3629 ,est
533 3553 711 3648 dejectus,
751 3556 930 3652 surrogato
962 3558 1120 3650 Euzoio,
1163 3561 1302 3641 Theodr

135 3660 181 3731 11:
210 3679 265 3749 31·
300 3672 340 3724 et
361 3652 495 3725 Socrat.
530 3651 598 3724 IV:
634 3672 690 3740 29.
747 3652 872 3747 Longe
903 3653 1005 3726 aliter
1031 3675 1088 3743 15.
1119 3678 1175 3728 res
1198 3657 1302 3735 ntem

131 3751 229 3828 driae
244 3747 402 3836 ¹cecidit,
429 3745 573 3840 Synodo
591 3745 684 3818 enim
710 3742 760 3818 ibi
782 3749 824 3819 ab
844 3747 1034 3823 Athanafio
1060 3751 1181 3826 coatia
1206 3776 1238 3829 a.
1290 3771 1302 3830 r

133 3845 301 3929 sancitum
326 3842 396 3929 est,
432 3840 557 3915 Filium
583 3861 619 3914 et
644 3840 816 3934 Spiritum
841 3843 876 3916 S.
902 3840 972 3915 effe
994 3845 1090 3920 Patri
1124 3851 1261 3924 contub

134 3948 251 4031 tiales,
295 3940 391 4014 fimul
426 3940 604 4012 damnatus
637 3938 687 4013 est
712 3936 1020 4031 Apollinarismus‚
1064 3964 1302 4057 voeetrquoq

135 4051 221 4121 fictae
245 4057 282 4113 et
302 4043 473 4114 tenerum
495 4034 645 4132 ffatiae
672 4052 703 4108 et
717 4033 925 4131 substantiae
949 4039 1163 4127 accuratius,
1205 4041 1249 4117 ad
1274 4043 1299 4117 lu

130 4146 176 4219 de
202 4139 246 4217 iis
268 4135 455 4228 tollendas,
480 4133 525 4209 de
541 4154 610 4231 quo
630 4130 775 4230 postea,
801 4131 983 4230 expofitae
1004 4133 1096 4211 sunt.
1145 4133 1231 4214 Vid.
1248 4160 1302 4233 prr
