3008 4830
459 668 463 673 ι
518 692 534 759 .'
598 694 601 699 ⁴
664 700 770 779 Strui.
792 684 860 777 IV.
944 692 961 747 ’·
1256 734 1280 749 ··
1303 704 1372 799 '341

140 864 191 945 ‘in
216 869 404 970 'Epistolir,
429 874 550 955 ¹tetiam
583 879 734 980 Optatus
766 883 788 957 l.
813 882 878 956 lli.
909 896 946 953 et
981 860 1201 954 theodoret.
1234 878 1370 958 haeret.

159 963 223 1044 lab.
242 970 310 1078 IV}
337 978 372 1047 6.
421 972 537 1050 Fuille
553 997 672 1051 autem
688 976 890 1053 Donatistas
914 975 1029 1049 innuit
1046 974 1261 1075 Augustinus
1279 1000 1366 1050 con·

163 1076 209 1171 tra
228 1065 435 1142 Petrlianum
463 1071 511 1144 11:
538 1095 596 1165 14,
623 1097 682 1149 20.
731 1075 798 1147 Sed
822 1096 944 1147 eorum
960 1090 1098 1146 tantum
1122 1095 1191 1167 ope
1216 1072 1291 1147 usos
1310 1072 1364 1147 fu·

168 1154 223 1231 llic
242 1161 462 1273 Donatiltas,
487 1167 528 1240 ad
551 1168 766 1265 repellendas
787 1168 950 1265 injurias,
976 1168 1082 1241 tradit
1107 1170 1258 1263 Optatus
1283 1171 1305 1243 l.
1332 1191 1366 1246 c.

171 1250 457 1365 lpfiDonatrstae
492 1284 554 1336 eos
581 1264 625 1338 ad
656 1266 693 1338 se
724 1264 904 1361 pertinere
937 1281 1131 1359 negarunt,
1168 1265 1260 1363 apud
1293 1265 1366 1342 Au·

119 1382 138 1457 '.
175 1346 324 1442 tustanum
348 1374 473 1428 contra
494 1358 651 1436 Petilian.
680 1361 701 1435 l.
727 1361 775 1433 11.
802 1382 834 1433 c.
860 1380 921 1453 47.

215 1442 239 1543 l.
257 1448 427 1559 CCCXV„
456 1452 619 1553 Contigit
644 1478 783 1566 quoque
805 1455 866 1529 sub
894 1454 1063 1544 Donato,
1088 1474 1120 1528 a.
1146 1475 1228 1549 347.
1254 1454 1365 1529 famo·
1492 1527 1497 1539 ,

179 1534 542 1656 immoraturum
568 1550 786 1649 persecutio,
813 1552 1018 1627 Macariana
1044 1549 1210 1646 adpellari
1238 1550 1360 1640 solita,

177 1635 351 1741 ¹§Macerio
374 1643 518 1718 nomine
534 1647 675 1737 ,rtatim
709 1646 768 1745 qui
791 1668 872 1721 cum
898 1649 1005 1721 Paulo
1031 1645 1114 1721 luit·
1134 1671 1154 1722 a
1174 1643 1364 1721 Constante

180 1748 211 1801 tn
227 1732 369 1811 lllricam
393 1739 546 1833 legatus,
587 1763 625 1817 ut
649 1744 888 1840 eleemosynas
919 1760 1105 1839 erogarent
1128 1741 1363 1842 pauperibus,

182 1826 378 1933 alternas
401 1834 589 1912 Africanas
618 1839 661 1914 ad
694 1840 867 1913 unitatem
904 1838 1120 1936 redigerent.
1166 1839 1238 1918 ,Sed
1294 1838 1365 1911 uoti

180 1926 363 2027 nutpsn
383 1927 487 2006 fuiffe
511 1932 662 2026 latium,
704 1951 742 2007 et
763 1931 963 2007 Donatistas
987 1956 1032 2006 eo
1059 1952 1243 2030 ternpore,
1268 1860 1363 2007 idei

184 2018 273 2113 wir,
307 2022 584 2125 malopassu,
625 2028 732 2106 etiam
757 2046 907 2104 mortem
926 2068 952 2119 ,·
981 2026 1122 2102 tradunt
1144 2028 1366 2106 Donatistae.
1422 2095 1424 2099 .

184 2105 329 2229 hiereos
351 2142 460 2213 vero,
493 2125 553 2222 qui
581 2124 760 2224 Martyrio
791 2126 871 2200 sont
899 2120 1049 2215 adfecti,
1081 2124 1301 2200 celebrantur
1325 2125 1365 2200 in

185 2226 278 2302 punis
302 2218 467 2292 Donatus
487 2222 684 2320 Baga‘r’enlis
716 2241 754 2297 et
787 2222 991 2313 Marculus,
1033 2222 1135 2318 cujus·
1158 2219 1365 2316 posterioris

176 2303 524 2397 nffionuattaedita
548 2319 670 2393 sunta
695 2315 908 2392 Mabillonio
936 2317 974 2391 in
1002 2317 1179 2390 Analetlis.
1226 2316 1365 2392 Verum

177 2400 301 2494 Optatus
319 2409 343 2485 l.
365 2431 398 2485 c.
423 2413 568 2486 causam·
586 2413 725 2510 inputat
739 2410 952 2502 Donatistis,
978 2436 1126 2510 quorum
1150 2410 1366 2510 pertinaciae

174 2516 211 2571 ⁸0
227 2504 415 2581 tumultibus
438 2531 521 2582 acce
551 2528 619 2585 tam
647 2507 874 2584 refert'hanc
899 2509 1153 2597 calamitatem
1183 2526 1221 2581 et
1244 2506 1365 2584 omnia

170 2589 471 2713 inffiiscatlrolicis
493 2533 564 2681 effe
589 2605 680 2680 faeta
696 2602 848 2680 testatur.
897 2605 985 2679 Cum
1010 2604 1138 2703 legati,
1164 2603 1273 2678 modo
1288 2627 1365 2678 me·

167 2711 296 2790 morsu,
319 2700 451 2773 mrlrtes
472 2723 491 2773 a
509 2701 688 2801 Sylvestro
712 2700 851 2776 Comite
875 2698 1053 2797 petiill'ent
1077 2720 1199 2776 contra
1215 2700 1364 2776 circurn-

162 2790 331 2888 calliopes,
368 2794 440 2885 illi,
465 2796 697 2873 aDonatistis
722 2796 849 2896 injuria
873 2794 1021 2891 adfecii,
1058 2795 1249 2871 vindictam
1272 2797 1365 2871 sum·

157 2884 289 2982 lillent,
322 2907 361 2966 et
385 2890 468 2966 inde
503 2915 580 2968 orta
611 2891 730 2968 fuiffet
764 2892 976 2990 persecutio.
1028 2891 1242 2986 Augustinus
1273 2914 1364 2966 vero
1431 2940 1434 2945 -

153 3003 272 3063 contra
296 2986 456 3062 Petilian.
480 2990 528 3062 11:
556 3013 614 3086 13,
642 3012 699 3063 20.
725 2987 881 3075 dubitat,
905 3011 988 3062 num
1015 2990 1176 3062 Donatus
1200 3006 1238 3059 et
1262 2989 1361 3060 Mar·

154 3082 247 3157 colus
275 3106 298 3157 a
321 3083 493 3159 militibus
519 3084 585 3159 srnt
607 3084 731 3174 occifi,
773 3106 817 3157 an
845 3080 929 3172 srbi,
976 3101 1015 3155 ut
1037 3080 1362 3172 circumcelliones,

151 3198 270 3253 manas
301 3178 486 3256 intulerint
516 3179 592 3279 ipli.
641 3179 711 3256 Sed
743 3175 940 3252 Donatistis
965 3178 1167 3251 Macariana
1204 3198 1363 3273 tempora

145 3272 286 3389 {emper
307 3277 346 3353 in
369 3296 431 3351 ore
458 3276 600 3352 luerunt
623 3296 784 3374 tanquam
810 3272 1082 3371 persecutionis,
1114 3290 1151 3347 et
1173 3273 1362 3349 Ecclefiarn

141 3371 353 3453 Afrrcanam
386 3395 459 3446 non
489 3374 706 3465 catholicam
740 3371 906 3469 amplius,
953 3394 1077 3446 verum
1103 3372 1361 3459 Macariaaam,

137 3470 314 3561 dixerunt
332 3468 568 3565 adpellandam
593 3468 685 3558 elie3
710 3466 798 3543 teste
821 3465 1019 3563 Augustino
1045 3491 1102 3565 ep.
1127 3489 1187 3559 49.
1212 3469 1255 3542 ad
1280 3469 1362 3540 Ho-

137 3566 320 3647 notatum.
373 3568 536 3639 Ceterum
562 3589 624 3664 per
648 3565 740 3640 hanc
763 3563 1065 3660 persecutionem,
1090 3582 1127 3636 et
1177 3561 1361 3657 raecipuo·

140 3687 225 3743 rum
248 3658 363 3737 sertae
389 3660 633 3736 Donatisticae
657 3662 836 3763 virorum,
877 3657 970 3732 inter
997 3683 1083 3759 quos
1104 3660 1117 3732 i
1145 3588 1178 3732 K,
1201 3660 1364 3733 Donatus

139 3756 377 3855 Cartlragin,
401 3756 653 3855 relegationem
679 3755 810 3831 facium
840 3752 912 3845 est,
939 3773 977 3829 ut
1001 3778 1089 3852 pace
1112 3684 1219 3828 Kretit
1243 3755 1363 3850 gavisa

140 3853 303 3932 Ecclesia
324 3851 515 3941 Africana,
554 3853 663 3928 etiam
684 3850 875 3926 concilium
900 3874 931 3925 a.
959 3861 1041 3942 248.
1074 3873 1094 3922 a
1126 3849 1238 3924 Grato
1260 3849 1363 4018 Epil-

141 3968 248 4045 copo
270 3948 454 4025 catholico
478 3950 687 4026 celebratum
705 3949 939 4043 Carthagine,
964 3949 1002 4019 in
1027 3967 1097 4043 quo
1120 3964 1267 4019 canones
1301 3963 1364 4020 unt

141 4060 280 4127 contra
295 4042 514 4135 Donatistae,
538 4064 577 4119 et
599 4041 933 4133 Circumcelliones,
959 4039 1117 4115 conditi:
1145 4040 1190 4114 de
1215 4063 1284 4137 quo
1308 4037 1362 4109 su·

132 4168 227 4251 pra,
253 4138 318 4221 ubi
341 4138 384 4220 dc
407 4141 571 4242 Synodis.
617 4140 799 4315 Posteava.
823 4145 911 4335 ger.
933 4137 1001 4216 sub.
1020 4136 1161 4239 Juliano
1183 4132 1374 4332 revocati,⁸

775 4258 800 4315 V
1038 4310 1041 4315 ,
1333 4259 1355 4317 0

1461 4326 1498 4552 l
