3074 4838
153 642 230 721 402
549 618 702 718 Irsstoria
720 615 847 720 EccleJ.
873 615 992 717 Christ.

160 800 289 876 eodem
314 819 407 874 anuo
436 798 624 873 Caesareae
642 797 880 873 Mauritaniae
896 797 1094 873 sermonem
1110 795 1158 874 dc
1171 794 1282 899 gestis
1302 811 1390 883 cnar‘

159 896 323 972 Emerito
347 893 553 984 Donatista,
594 897 763 992 quemad
790 895 907 970 secum
933 895 1179 992 disputandum
1212 897 1382 973 adducere

160 1017 234 1068 non
260 1007 417 1088 poterat,·
443 989 540 1064 simul
565 1014 718 1087 pugnarn
744 990 886 1065 civilem
912 991 962 1065 ibi
986 993 1161 1085 abolevit,
1186 1016 1292 1091 quam
1319 994 1380 1068 Ca·

160 1109 286 1166 terram
314 1106 465 1177 vocant,
500 1110 566 1183 qua
583 1089 708 1178 cives,
739 1085 832 1184 quast
860 1087 1027 1177 inludo,
1060 1087 1096 1162 se
1120 1088 1282 1167 invicem
1305 1089 1385 1166 sole·¹

84 1260 91 1267 ,
160 1190 247 1263 bant
273 1182 447 1259 occidere.
496 1183 584 1258 Vid.
616 1183 662 1258 de
687 1184 846 1258 Doistina
879 1183 1066 1281 Christiana
1099 1184 1121 1260 1.
1153 1186 1223 1261 IV:
1257 1207 1291 1261 c.
1324 1209 1380 1281 24.

160 1279 305 1377 Scripsit
328 1278 437 1353 etiam
460 1279 505 1353 de
537 1283 666 1355 animos
690 1285 814 1374 origiue
838 1279 881 1353 ad
905 1282 1095 1376 Optatam,
1128 1304 1200 1377 quo
1227 1279 1262 1355 se
1278 1280 1378 1359 falsus

159 1377 212 1451 est
235 1375 379 1451 dubium
412 1377 576 1467 haerere,
611 1400 694 1452 num
718 1378 856 1452 animae
872 1375 1082 1470 fingulorum
1111 1376 1297 1453 hominum
1314 1376 1377 1454 srnt

159 1496 181 1549 a
205 1475 286 1546 Deo
314 1495 379 1568 per
401 1473 641 1562 creationem,
689 1495 733 1547 an
761 1496 823 1567 per
849 1474 1037 1546 traducem.
1091 1471 1236 1546 Notatu
1268 1473 1375 1568 digna

157 1569 209 1644 cst
226 1568 381 1666 Epistola
398 1568 471 1664 ejus
492 1591 523 1642 a.
547 1589 631 1658 419.
657 1567 700 1641 ad
721 1568 963 1666 Hesychium,
991 1568 1157 1659 Salonae,
1184 1593 1273 1667 quae
1290 1570 1373 1644 Dal·

156 1667 285 1742 mariae
303 1663 353 1738 est
372 1664 599 1759 metropolis,
626 1661 852 1754 Antistitem,
879 1688 945 1763 qua
960 1661 1056 1738 diem
1072 1664 1258 1757 ultimum,
1273 1688 1380 1765 quem

156 1765 214 1838 ille
241 1759 365 1834 instare
393 1761 556 1849 volebat,
590 1783 658 1837 nec
683 1760 789 1834 anxie
824 1758 895 1835 elie
923 1762 961 1833 in
987 1760 1190 1851 nuendum,
1214 1785 1285 1837 nec
1316 1763 1377 1837 de·

155 1857 253 1933 finiri
278 1855 398 1952 posse,
428 1853 599 1948 disputat,
624 1857 721 1932 simul
739 1875 896 1947 enarrat,
931 1783 1091 1931 Alticam
1113 1859 1160 1931 ab
1182 1856 1379 1935 innumeris

154 1955 268 2029 adhuc
292 1952 401 2025 incoli
425 1953 627 2027 nationibus
652 1953 804 2029 barbaris
830 1951 984 2027 nondum
1013 1951 1199 2030 conversis.
1251 1957 1295 2028 In
1309 1954 1373 2031 Li·

154 2053 220 2126 bro
247 2047 293 2121 de
316 2051 439 2142 nuptiis
463 2065 495 2120 et
519 2049 796 2145 concupiscentia,
831 2067 915 2121 tunc
931 2047 1038 2122 etiam
1056 2069 1220 2136 exarato,
1246 2071 1377 2128 contra

153 2170 233 2235 eos,
260 2143 320 2240 qui
346 2143 600 2242 Augustinum‚
627 2164 811 2240 peccatum
832 2144 999 2241 originale
1021 2142 1252 2238 adstruendo,
1277 2146 1377 2224 dam·

120 2288 122 2292 -
155 2265 238 2317 nare
265 2240 404 2334 nuptias
426 2242 636 2336 arguebant,
672 2242 871 2337 nuptiarum
897 2245 988 2314 bona
1012 2239 1249 2334 demonstrat,
1290 2260 1376 2321 eta

155 2333 462 2433 concupiscentia,
482 2337 539 2409 vel
555 2336 702 2411 libidine
720 2336 870 2427 carnali,
899 2336 1102 2441 distinguit,
1127 2359 1230 2434 quam
1249 2361 1272 2412 a
1288 2361 1378 2434 pec·

156 2455 239 2510 cato
265 2431 414 2507 derivat.
467 2431 857 2508 Fludluationemsuam
880 2431 983 2529 super
1017 2431 1189 2531 opinione
1222 2434 1269 2508 de
1300 2435 1378 2520 ani·

153 2556 230 2605 mae
256 2528 396 2624 origine
419 2528 547 2602 deinde
571 2529 749 2619 defendit,
776 2547 923 2625 quatuor
945 2527 1041 2602 libris
1056 2529 1101 2602 de
1116 2531 1246 2618 anima,
1274 2531 1370 2627 ejus·

152 2649 221 2724 que
245 2624 405 2717 origine,
433 2621 614 2696 occasione
640 2623 830 2699 Vincentii
856 2623 1037 2709 vinoris,
1061 2624 1120 2722 qui
1137 2627 1209 2722 ejus
1228 2625 1374 2721 opinio·

153 2744 236 2796 nem
263 2717 403 2791 dubiam
427 2718 661 2807 refutaverat3
688 2720 774 2793 duos
798 2743 937 2817 quoque
961 2720 1094 2817 scripsrt
1112 2721 1156 2795 de
1175 2723 1376 2798 adulterinis

154 2818 318 2911 conjugiis
341 2813 465 2902 libros,
490 2831 527 2886 et
554 2836 660 2886 unum
687 2835 810 2889 contra
839 2814 1041 2913 aduersarios
1066 2820 1147 2912 Iegis
1172 2834 1205 2890 et
1227 2820 1372 2918 Proplre·

38 2962 46 2968 -
153 2930 281 2998 tarum,
306 2910 342 2983 in
368 2933 438 3005 quo
461 2909 697 2986 Marcionitas
719 2911 859 2986 refellit.

203 3011 237 3109 §.
261 3007 420 3082 XXVII.
470 3008 559 3080 Cum
584 3007 811 3099 Donatistae,
855 3010 911 3081 vel
935 3009 1019 3082 tales
1045 3007 1177 3095 habiti,
1219 3031 1253 3085 a.
1284 3036 1376 3106 420.

152 3105 191 3181 in
213 3108 247 3178 se
272 3103 334 3199 ipli
363 3102 555 3193 saevirent,
582 3103 677 3180 forte
703 3129 784 3201 prae
808 3103 1064 3201 desperatione,
1100 3125 1135 3177 et
1161 3102 1223 3178 srbi
1252 3130 1380 3186 manus

151 3200 324 3275 inferrent
349 3202 539 3290 violentas,
564 3200 714 3299 illudque
731 3201 922 3275 minaretur
941 3199 1177 3290 Gaudentius,
1206 3201 1375 3283 Thamu-

177 3296 309 3370 adensrs
334 3295 548 3392 Episcopus,
581 3296 781 3386 Donatista,
811 3296 947 3372 duobus
970 3299 1068 3372 libris
1084 3320 1163 3370 eum
1185 3297 1378 3381 refutavit.

151 3323 248 3497 {Quid
274 3410 392 3464 autem
420 3389 641 3481 Gaudentio,
669 3392 877 3489 reliquisque
904 3393 1101 3468 Donatistis
1126 3392 1279 3491 postea,
1318 3398 1372 3473 us·

150 3512 218 3591 que
234 3486 278 3562 ad
296 3484 484 3582 Augustini
497 3506 648 3562 mortem
666 3489 877 3584 contigerit,
905 3487 1096 3586 ignoratur.
1132 3489 1284 3587 Scripsit
1302 3492 1370 3569 eti·

149 3610 205 3662 am
230 3584 301 3658 hoc
335 3602 495 3679 tempore
521 3585 651 3660 librum
673 3605 795 3662 contra
820 3590 1021 3663 mendacium
1043 3584 1090 3673 ad
1114 3583 1378 3683 Consentium,

148 3684 223 3758 His
241 3680 339 3756 atriae
377 3680 585 3776 degentem,
625 3700 665 3757 ut
698 3682 782 3757 illud
817 3683 887 3757 else
921 3683 1083 3769 illicitum
1122 3678 1376 3780 demonstret„

147 3779 187 3856 in
210 3708 348 3875 ipecie,
386 3773 426 3853 in
457 3773 753 3874 disputationibus
780 3803 860 3855 cum
878 3775 1165 3872 Priscillianistls,
1199 3779 1378 3881 dogmata

146 3877 205 3951 sua
219 3875 395 3949 occultare
414 3872 517 3963 vifis,
538 3875 636 3950 secus
662 3899 703 3952 ac
719 3877 834 3952 visum
859 3895 934 3948 erat
953 3877 1169 3970 Consentio,
1190 3878 1252 3975 qui
1270 3878 1377 3959 fimu-

145 3973 329 4062 lationem,
360 3995 425 4068 qua
445 3973 528 4070 *quis
548 3969 584 4047 se
608 3973 678 4048 esse
701 3971 988 4049 Priscillianistarn
1013 3973 1142 4075 fingit,
1178 3994 1220 4049 ut
1245 3970 1368 4053 eorum

145 4069 335 4176 opiniones
356 4068 566 4166 cognoscat,
613 4069 752 4166 licitam
768 4067 855 4152 effe.
867 4074 1032 4170 putabat..
1053 4152 1058 4161 ,
1084 4068 1371 4179 Variosedidit
