3008 4830
140 682 223 772 39⁰
554 651 702 757 salsioris
730 656 859 758 Esclrs.
885 656 1001 759 Clarifl.

154 857 257 915 runt:
281 859 357 915 sam
381 834 463 936 Jobi
489 834 638 912 exhibet
655 834 850 929 Martiam,
874 837 1092 932 reliquorum
1119 836 1274 919 nonduin
1284 847 1361 940 prs-¹
1391 902 1394 911 .

155 934 278 1009 dubiae
299 934 398 1011 sunt:
439 929 575 1006 exstant
599 952 735 1009 tantum
765 932 838 1029 ejus
862 935 905 1008 ad
932 934 1165 1031 Paralipom,
1204 957 1242 1013 et
1262 940 1349 1016 libros

154 1030 369 1120 Salomonis,
409 1026 668 1126 praefationes,
707 1031 799 1126 apud
823 1028 997 1106 Martiam.
1022 1032 1045 1104 l.
1068 1052 1102 1104 c.
1129 1031 1226 1111 uude
1250 1053 1346 1132 patet,

156 1126 350 1213 versionem
368 1121 572 1220 Paralipom.
596 1123 640 1198 ad
663 1143 800 1201 textum
817 1127 1021 1211 Hebraeum
1044 1122 1205 1211 fuisseab
1228 1153 1274 1205 eo
1288 1152 1347 1206 ou·

152 1222 295 1305 scibam.
342 1221 506 1317 Denique
531 1218 678 1296 Latinae
709 1219 861 1297 uetfioni
892 1221 995 1297 Novi
1033 1220 1130 1299 Teu
1161 1224 1284 1301 eadem
1308 1246 1347 1301 a·
1387 1228 1394 1307 l,

155 1320 255 1392 tione
290 1341 395 1413 opem
431 1315 528 1404 tulit,
569 1338 647 1405 earn
677 1315 719 1391 ad
747 1318 923 1397 Graecum
953 1335 1090 1393 textum
1124 1320 1348 1413 emendando,

151 1407 257 1501 idque
284 1412 389 1510 ipfius
405 1412 542 1497 Damasi
559 1410 671 1506 juffu3
695 1411 747 1487 uti
771 1411 808 1488 in
828 1409 937 1510 praes.
961 1414 1164 1510 Euangeliis
1186 1416 1350 1514 praemia

154 1508 311 1585 testatur.
360 1509 458 1609 Quae
486 1507 598 1582 versio
621 1507 727 1580 etiam
761 1506 803 1581 ad
831 1508 962 1583 calcem
993 1506 1079 1583 edit.
1103 1511 1274 1589 Martiam
1303 1534 1354 1589 ot·

154 1605 285 1695 currit,
312 1605 369 1679 seu
392 1621 482 1700 part.
507 1603 574 1679 111.
597 1602 817 1691 Bibliothecae
840 1604 1005 1694 Divinas,
1038 1623 1077 1678 ut
1104 1604 1182 1702 ipse
1203 1608 1354 1705 adpelht.

154 1704 321 1789 Ceterum
343 1722 445 1797 quarn
469 1695 590 1773 utilem
613 1696 721 1783 etiam
746 1698 814 1785 hac
836 1718 938 1796 parte
961 1696 1175 1795 praestiterit
1268 1726 1355 1797 mm,

151 1796 339 1886 calumnias
362 1792 522 1891 effugere
555 1815 628 1867 non
652 1793 789 1891 potuit:
831 1798 992 1879 θυννίδων
1013 1800 1166 1875 vitiorum
1210 1800 1358 1895 ulfarius

151 1896 259 1984 daos,
291 1888 408 1988 inquit
428 1891 505 1986 ipse
535 1885 644 1987 praef.
676 1888 720 1965 ad
745 1889 870 1991 Julum
901 1914 923 1963 e
949 1891 1169 1991 septuaginta
1202 1898 1357 1988 versum

141 2003 184 2076 st
210 2010 332 2063 errores
356 2010 420 2072 nou
441 1983 597 2081 auferre,
625 1983 691 2081 ssd
700 1983 823 2082 serere.
877 1984 986 2062 Tanta
1017 1985 1263 2089 sssemssatis
1285 2018 1360 2069 cun·

139 2083 300 2176 sperma,
323 2082 361 2169 ul
384 2085 485 2159 stium
507 2079 654 2180 consefflr.
670 2080 825 2179 plerasque
849 2086 935 2158 vitiu
952 2083 1122 2178 placeant,
1154 2090 1231 2167 durs
1251 2092 1362 2185 magis

144 2181 296 2276 pulchros
324 2178 439 2263 lubere
468 2178 577 2253 voluat
603 2178 762 2277 codices,
783 2203 879 2274 quam
909 2181 1104 2257 asmodaeus.
1153 2182 1257 2285 Quae
1287 2183 1360 2262 sors

147 2278 296 2364 criticae
331 2275 443 2355 sacrae
471 2270 642 2359 studiosos
672 2272 780 2361 etiam
813 2296 908 2352 nunc
946 2294 1088 2381 manet,
1127 2276 1216 2359 licet
1245 2280 1363 2359 minus

145 2390 387 2578 ᾳυὲωὶῖξῖίεῐᾶ.
416 2465 551 2576 Quibus
579 2466 766 2577 absolutis,
808 2463 880 2538 sese
906 2463 950 2539 ad
986 2488 1116 2543 novam
1143 2469 1232 2547 Vet.
1258 2470 1357 2583 sl’est.

143 2563 429 2653 translationem,
460 2587 505 2639 ex
531 2563 600 2658 rpsa
623 2564 742 2656 lingua
758 2560 944 2650 Hebraea,
971 2585 1067 2636 novo
1090 2565 1234 2660 pror-sus
1255 2565 1354 2643 insti·

143 2680 246 2748 tuto,
278 2656 454 2745 adcinxit,
487 2679 569 2729 cum
592 2674 631 2727 ut
656 2657 819 2751 Judaeis,
853 2655 897 2729 ad
924 2656 1141 2735 Hebraicam
1168 2662 1358 2739 veritatem

144 2755 317 2841 continuo
351 2750 390 2826 in
419 2749 707 2845 disputationibus
738 2773 820 2825 cum
846 2749 1068 2845 Christianis,
1108 2756 1185 2853 ejus
1214 2759 1356 2857 linguae

140 2849 326 2952 inperitis,
351 2845 647 2943 provocantibus,
681 2870 721 2920 os
745 2845 960 2938 obstrueret,
996 2869 1069 2924 turn
1096 2871 1134 2927 ut
1160 2856 1357 2933 amicorum

143 2970 182 3035 et
214 2946 399 3036 amicarum
437 2941 613 3017 desideriis
650 2967 691 3019 ac
729 2943 962 3040 petitionibus
992 2944 1220 3027 satisfaceret.
1277 2952 1357 3033 Has

139 3047 227 3125 licet
263 3041 415 3123 rationes
438 3041 680 3140 Hieronymus
705 3038 842 3116 dederit
873 3037 966 3135 ipse,
1011 3065 1094 3116 vera
1119 3063 1254 3139 tamen,
1294 3047 1357 3125 seu

141 3139 334 3237 praecipua
349 3140 488 3230 saltem,
515 3137 607 3233 fuit,
633 3137 724 3237 quod
744 3135 1015 3212 Graecaversro
1031 3135 1095 3232 ipsr
1112 3138 1223 3216 fuerit
1239 3143 1358 3221 minus

139 3236 254 3313 fidelis
281 3256 317 3313 et
343 3236 465 3311 errabis
487 3235 579 3324 visa,
615 3236 665 3310 uri
691 3232 802 3327 Hody
825 3232 846 3306 l.
870 3234 931 3308 cit.
956 3236 1227 3330 comprobavit3
1260 3241 1357 3321 unde

141 3330 238 3407 simul
272 3331 456 3417 elucescit,
497 3347 633 3405 textum
661 3328 863 3400 Hebraeum
895 3332 937 3401 ab
964 3328 1040 3426 ipso
1069 3329 1168 3405 fuiffe
1194 3336 1356 3417 Graecae

140 3424 293 3504 versioni
316 3426 517 3518 praelatum.
567 3423 708 3517 Incepit
726 3442 806 3493 curn
830 3422 926 3496 libris
942 3425 1108 3500 Samuelis
1133 3449 1171 3502 et
1187 3429 1355 3529 Regum,

142 3528 236 3602 circa
252 3543 330 3595 ann.
359 3541 461 3612 393„
487 3518 642 3633 generali
668 3515 824 3626 praefixo
847 3520 1016 3629 prologo,
1041 3546 1144 3620 quern
1160 3547 1356 3624 propterea

136 3627 306 3718 galearum
317 3614 549 3709 --adpellav1t,
588 3636 626 3688 et
650 3613 758 3686 finem
795 3617 947 3709 inposuit
969 3639 1048 3693 cunr
1076 3621 1352 3717 Pentateuch03

139 3720 228 3797 adeo
255 3734 292 3787 ut
319 3728 432 3784 totum
457 3712 545 3787 Vet.
572 3708 671 3785 Test.
706 3732 736 3782 a.
759 3731 863 3799 404„
898 3712 1019 3807 utique
1045 3737 1115 3789 non
1141 3734 1246 3810 ante,
1288 3724 1354 3797 ab·

136 3811 292 3897 solverit.
343 3805 533 3904 Displicuit
563 3806 634 3880 hoc
667 3804 739 3899 ejus
770 3826 858 3898 opus
892 3807 1033 3902 Judaeis
1074 3833 1146 3884 non
1184 3831 1352 3907 tantum,

136 3931 176 3997 et
192 3902 421 4000 Origenistis,
446 3901 503 3978 sed
520 3921 557 3975 et
574 3899 748 3975 Ecclesiae
773 3899 811 3973 in
854 3925 982 3988 enere,
1010 3907 1167 3980 Graecae
1192 3913 1350 3988 verssoui

136 4007 313 4088 adsuetae,
338 3999 401 4091 ipsi
428 4024 564 4097 quoque
590 3996 808 4091 Augustino,
827 3923 889 4069 ied
919 4000 976 4072 cui
1000 4000 1121 4096 postea
1144 4003 1230 4080 illud
1248 4030 1342 4083 com·

126 4094 296 4205 probavit
319 4096 569 4196 Hieronymus.
621 4094 704 4171 Nec
732 4112 848 4187 tamon
871 4091 1080 4191 defuerunt,
1107 4098 1246 4274 quibuls,2
1256 4122 1343 4211 pera

228 4250 232 4263 .
1192 4214 1350 4306 pcurt,
