3074 4838
432 451 437 458 a

482 626 525 697 j·
576 593 681 677 tent.
703 592 770 670 IV.
797 625 802 657 τ
866 694 872 711 κ
904 621 916 685 τ,
1231 621 1308 716 app,

75 769 233 871 tiliciunt
256 767 502 866 magnificum,
544 770 615 868 live
642 797 732 871 opos
756 771 1158 864 elsetvermiculatum,
1199 769 1296 867 quod

75 870 250 945 musivum
275 866 427 956 dicitur,
451 866 522 940 sive
546 870 761 960 lacunatum,
787 867 883 942 teeio
909 866 944 943 in
965 869 1060 943 varia
1084 863 1296 958 interstitia,

78 965 274 1063 laquearia,
301 963 357 1035 vel
374 961 561 1055 lacunaria,
586 963 680 1040 dicia
696 989 715 1037 a
733 968 827 1053 lacu,
852 966 916 1038 alia
933 967 1104 1054 rotunda,
1129 964 1194 1037 alia
1213 987 1305 1060 qua·⁴

78 1062 203 1150 drata,
226 1061 345 1160 ligno,
371 1059 427 1132 vel
451 1059 581 1157 gypso,
607 1063 664 1136 vel
684 1062 877 1153 coloribus,
904 1052 1036 1158 divisa,
1060 1057 1306 1156 variequevel,

78 1157 240 1232 inaurata
269 1154 327 1226 vel
353 1153 465 1249 pisia:
491 1157 666 1251 quomodo
682 1156 839 1252 laqueata
864 1152 1098 1250 eraullalilica
1117 1155 1294 1229 Hierolol.

79 1248 165 1327 Eos.
189 1252 253 1324 vit.
279 1248 396 1322 Const.
423 1251 488 1323 111:
515 1258 576 1344 36.
625 1241 814 1346 Templum
840 1248 969 1340 Paulini
990 1249 1121 1347 Nolani
1147 1245 1329 1348 utroque.

87 1365 166 1420 erat
188 1366 347 1419 ornatum
376 1346 504 1430 modo;
533 1363 571 1418 ut
595 1347 740 1443 exejus
766 1370 821 1442 ep.
851 1368 907 1418 12.
932 1344 975 1435 ad
994 1347 1161 1441 Severum
1186 1364 1296 1442 patet.

84 1441 269 1539 Legendus
301 1442 345 1512 de
370 1442 552 1537 splendore
584 1438 816 1539 Templorum
849 1439 900 1513 est
935 1440 1145 1538 Hieronym.
1181 1462 1237 1536 ep.
1264 1432 1305 1516 as
1392 1442 1394 1445 ’

87 1537 131 1613 ad
156 1537 420 1633 Nepotianum,
457 1544 489 1615 8.
515 1535 556 1609 ad
576 1537 840 1611 Demetriadem
865 1532 1062 1631 virginem,
1101 1555 1138 1609 et
1164 1533 1197 1606 in
1223 1535 1299 1643 epi·

87 1633 212 1728 taphio
246 1631 418 1707 Fabiolae.
471 1632 689 1711 Theodoret.
724 1656 861 1730 quoque
888 1633 935 1705 H.
962 1633 1026 1707 Ill:
1055 1655 1112 1707 12.
1139 1629 1299 1727 magnifi-

82 1729 239 1806 centiam
266 1727 421 1801 vasorum
448 1727 641 1818 sacrorum,
674 1753 761 1826 quae
787 1725 905 1804 Const.
931 1728 987 1801 M.
1012 1749 1049 1802 et
1078 1724 1302 1801 Constantius

82 1821 270 1916 ambitiose
294 1821 457 1896 fabricari
487 1844 670 1914 curarunt,
712 1822 946 1912 demonstrat,
981 1843 1018 1896 et
1046 1822 1127 1897 alibi
1159 1823 1180 1896 l.
1204 1822 1232 1894 Ι.
1267 1844 1299 1895 c.
1350 1850 1352 1854 ¹

86 1946 147 2016 31.
175 1917 301 2004 refert,
325 1918 444 1993 Const.
469 1919 525 1991 M.
551 1920 657 1992 altare
674 1916 848 1993 Ecclesiae
872 1918 1110 2014 Hierosolym.
1129 1916 1301 1995 ‘canetenim

85 2011 339 2110 uenerandumne
369 2015 534 2109 regalibus
561 2017 641 2087 telis
671 2011 815 2087 ornasse.
867 2013 998 2088 Narrat
1031 2013 1169 2111 quoque
1197 2017 1301 2089 Palla·

86 2113 165 2187 dios
189 2111 267 2185 nist.
291 2110 476 2197 Lausaca,
511 2111 689 2184 nonnullas
715 2129 889 2184 matronas
905 2110 1082 2184 Romanas
1107 2113 1218 2184 cunda
1233 2109 1301 2206 sua

84 2224 273 2304 tegumenta
288 2210 397 2302 Jetica
424 2202 548 2299 douaffe
578 2209 760 2289 altaribus,
793 2204 967 2301 Ecclesiae
992 2228 1130 2301 quoque
1158 2207 1301 2281 Cartha·

82 2304 161 2402 gio.
187 2329 279 2398 quam
300 2304 441 2400 plurima
457 2305 642 2374 ornamenta
658 2300 764 2411 fuiffe
781 2327 821 2374 ea
843 2320 929 2375 aare
946 2301 986 2372 et'
1003 2319 1156 2394 argente,
1194 2299 1300 2376 t'radit
1335 2346 1337 2351 s

88 2402 214 2492 Optat.
238 2397 362 2471 Milev.
387 2416 508 2470 contra
536 2396 708 2470 Donatist.
744 2398 765 2468 l.
793 2399 822 2469 l.
873 2395 970 2492 lpsos
995 2396 1122 2482 libros,
1154 2394 1302 2470 Ecclesi-

86 2492 206 2569 atticis
238 2492 465 2567 inservientes
493 2491 628 2581 usibus,
668 2490 847 2590 splendide
879 2491 1150 2580 condecoravit,
1196 2489 1305 2589 etiam
1422 2543 1424 2547 -

81 2593 221 2684 gemmis
243 2608 275 2662 et
300 2588 441 2684 lapillis,
468 2584 585 2661 eonst.
604 2591 661 2664 M.
689 2586 775 2661 teste
792 2588 916 2663 Euseb.
942 2587 1008 2662 vit.
1033 2582 1150 2663 Const.
1175 2588 1239 2662 111:
1269 2580 1305 2664 1}

84 2687 188 2760 Plura
220 2685 373 2758 adtulisse
407 2681 494 2756 nihil
525 2681 671 2758 adtinet.
720 2684 805 2757 Illud
838 2685 903 2756 hae
937 2682 1118 2757 occasione
1142 2681 1304 2757 observee

85 2800 169 2868 tur,
211 2803 336 2854 vanam
360 2779 450 2852 hanc
475 2775 748 2852 ostentationem
773 2778 864 2854 haud
890 2801 1000 2851 raram
1029 2774 1129 2852 fuisse
1159 2779 1229 2852 hoc
1252 2779 1304 2852 se·

86 2877 173 2951 culo
205 2874 299 2949 inter
332 2872 561 2960 Christianos,
604 2877 835 2971 quorum-qui
860 2872 1085 2946 Bibliatacra
1110 2872 1204 2944 domi
1246 2872 1305 2946 ba·

83 2971 247 3054 bebant,
285 2970 399 3061 quales
424 2971 495 3039 no'n
528 2988 627 3039 erant
650 2967 772 3057 multi,
812 2991 883 3043 non
908 2971 1066 3041 utilitatis
1097 2969 1213 3055 causa,
1247 2967 1305 3044 sed

82 3081 130 3153 ut
156 3062 348 3142 opulentiam
371 3060 461 3132 suam
485 3059 669 3146 ambitiose
694 3057 892 3145 ostentent,
931 3063 1125 3149 habebant,
1160 3068 1304 3156 amneque

76 3158 235 3263 studium
256 3154 436 3249 ponebant
470 3151 514 3226 in·
535 3155 791 3225 membranarum
822 3155 999 3240 tenuitate,
1040 3171 1098 3227 aut
1123 3157 1156 3228 in
1181 3160 1306 3230 littera·

89 3278 166 3332 rum
179 3251 441 3348 pulchritudine,
459 3247 605 3342 neglella
622 3248 761 3331 stitione.
811 3247 897 3323 Vid.
919 3247 1090 3346 chrysost.
1109 3249 1229 3326 homil.
1248 3277 1292 3349 32

87 3353 133 3429 in
156 3350 327 3446 Johann.‚
368 3344 426 3442 qui
459 3342 574 3432 addit,
615 3346 768 3423 neminem
793 3348 888 3431 audio
912 3347 946 3417 id
969 3347 1110 3436 ambite,
1151 3365 1187 3422 ut
1210 3349 1308 3425 libros

82 3448 278 3541 intelligat,
308 3436 370 3537 sed
399 3437 565 3538 potius'se
593 3440 694 3521 libret
715 3441 832 3514 habere
872 3445 1015 3527 'aduam
1054 3446 1162 3516 aureis
1188 3448 1309 3529 litteris

77 3542 241 3651 scriptos.
277 3537 524 3633 Hieronymus
544 3540 691 3633 quoque
706 3560 763 3633 ep.
788 3467 903 3612 xxii.
929 3535 1224 3618 adAEustoebium
1253 3544 1308 3612 re·

79 3633 293 3736 prehendit·
316 3642 516 3720 matronas,
566 3655 707 3726 quarum
751 3636 955 3706 membranae
987 3633 1175 3727 inficiuntur
1211 3637 1312 3712 colore

82 3734 268 3829 purpureo,
294 3752 408 3807 aurum
427 3723 573 3824 liquescit
599 3730 634 3802 in
656 3729 795 3817 saturas,
817 3734 951 3824 gemmis
968 3731 1090 3802 codices
1108 3727 1309 3826 vestiuntur,

92 3844 129 3900 at
153 3829 253 3901 nudus
275 3839 353 3901 ¹ante
372 3822 468 3917 sares
495 3847 616 3897 earum.
631 3821 773 3919 Cluilius
800 3828 961 3899 emoritur.

142 3919 174 4029 l.
200 3920 402 3994 CXXVIII.
437 3917 495 3993 Ad
512 3923 743 3994 temerationem
763 3917 1017 4016 Templorum,
1042 3936 1081 3991 ut
1102 3917 1143 3989 ad
1162 3941 1236 3994 eam
1255 3917 1314 3988 dc·
1386 3981 1390 3992 .

76 4014 307 4097 -scnbendau
332 4015 495 4106 veniam,
525 4012 751 4183 anteomlpia
767 4013 991 4094 memoranda
1018 4012 1174 4116 pertinet
1198 4014 1310 4118 solep-

230 4121 233 4129 ,
465 4119 817 4208 ,,3,
1191 4114 1313 4180 ..nm
