3008 4830
573 744 576 749 .
642 671 750 749 Senis.
773 670 839 747 iV.
947 664 951 669 ’
1282 694 1353 773 343

140 850 173 929 in
194 850 343 950 apologia
368 870 494 929 contra
517 851 690 942 Arianos,
729 874 834 948 quein
866 848 1020 949 sequitur
1046 854 1207 927 Socrates
1237 855 1287 929 H.
1315 854 1346 930 1:

144 955 177 1027 6.
206 971 241 1023 et
275 951 357 1049 Joh.
383 948 620 1035 Damascenus
648 948 777 1022 haeres.
803 948 974 1023 LXVlll.
1008 950 1200 1023 Meletium
1245 951 1355 1048 lapsos

149 1044 274 1123 noluisse
298 1046 341 1119 ad
377 1043 664 1119 communionem
687 1043 850 1135 admitti,
890 1043 955 1119 nisi
987 1044 1191 1144 postquam,
1234 1047 1349 1122 sedata

92 1198 95 1223 .
152 1142 393 1241 persecutione,
434 1140 629 1238 legitimam
662 1136 814 1237 egissent
848 1141 1130 1236 poenitentiam,
1179 1142 1236 1218 scd
1275 1167 1350 1218 moa

92 1236 102 1359 l·
155 1237 277 1313 roliiille
299 1238 444 1310 Petrum
471 1235 747 1312 Alexandrinum
778 1236 1011 1331 Episcopum,
1056 1236 1161 1310 tradit
1191 1240 1350 1337 Epipha-

92 1372 99 1421 ;-.
159 1333 239 1423 ιιὶιις
276 1331 391 1421 unde,
427 1330 578 1405 discidio
602 1352 704 1420 orto,
734 1332 907 1407 Meletius
930 1353 1010 1406 cum
1036 1329 1105 1405 suis
1134 1333 1169 1406 se
1194 1359 1215 1408 a
1242 1339 1352 1410 Petro

162 1428 341 1525 sejmxillet.
372 1427 463 1517 Sed,
479 1426 665 1502 secuudum
683 1426 928 1515 Athanasium,
946 1427 1021 1524 ipse
1037 1428 1228 1519 Meletius,
1274 1434 1350 1505 rae-²

101 1548 105 1553 ·
164 1524 278 1600 ietilia
296 1522 466 1615 crimina,
499 1543 647 1621 propter
669 1523 799 1632 lapsum
822 1521 859 1596 in
889 1522 1145 1613 idololatriam,
1186 1456 1351 1602 suideta

107 1630 110 1635 '
164 1618 246 1693 Petro
264 1619 459 1719 depositus,
483 1640 521 1694 et
536 1619 619 1693 iude
642 1619 789 1693 schisma
813 1618 988 1715 originem
1005 1617 1212 1714 repetiisset.
1262 1621 1350 1717 Epi·

167 1714 262 1813 pluuii
283 1713 434 1791 narratio
466 1715 556 1789 mihi
585 1714 676 1789 haud
705 1739 773 1789 nna
797 1714 841 1788 de
871 1716 1009 1793 ratione
1037 1713 1183 1803 videtui
1212 1719 1354 1823 praefes

168 1810 254 1888 inid⁴
301 1834 334 1888 1.
358 1809 514 1909 Intelligi
541 1811 643 1908 plane
668 1808 807 1907 nequit,
848 1832 914 1905 qua
935 1812 1070 1885 ratione
1096 1812 1288 1902 Meletius,
1327 1813 1354 1888 si
1454 1862 1466 1873 κ

92 1906 96 1987 l
170 1904 260 1981 uim
280 1907 465 1981 eriminum
491 1930 568 1981 reus
593 1906 722 1996 suerit,
755 1923 792 1978 et
815 1924 1005 2015 propterea
1028 1906 1224 2002 depositus,
1264 1909 1353 2021 ejus·

92 1990 96 2097 l
172 2000 400 2077 nodi-schifina
424 2002 582 2099 potuerit
605 2000 783 2092 conflare,
821 2018 861 2073 iit
883 1999 1054 2075 in'rnitio
1078 2001 1229 2094 fastum,
1254 2024 1290 2079 et
1313 2016 1355 2085 tii

92 2102 96 2183 ξ
176 2092 230 2169 sm
243 2098 370 2173 trahere
418 2117 510 2173 artes
541 2098 639 2172 viros
663 2096 815 2185 saniloa,
857 2094 910 2168 uti
933 2095 1169 2192 Paphnutium
1201 2100 1354 2176 ansehn-⁸

92 2204 95 2271 ζ
175 2208 272 2285 nan,
308 2214 346 2268 et
406 2196 475 2269 'ost
519 2192 612 2291 quod
647 2192 751 2267 facile
772 2210 942 2289 perceptu
967 2190 1039 2281 est,
1079 2191 1356 2274 siNovatianae'

92 2294 96 2329 ³
173 2285 350 2383 hypotheses
374 2288 509 2362 fuerint
535 2308 737 2364 renovatae.
791 2310 824 2362 2.
850 2286 985 2385 Synodi
1001 2284 1183 2363 Nicaenae
1208 2291 1354 2388 epistola

92 2406 94 2413 ·
174 2382 241 2479 apud
257 2384 384 2462 Socrat.
410 2387 431 2460 i.
457 2407 489 2459 c.
516 2384 604 2458 nihil
628 2383 805 2473 Meletio,
846 2399 986 2481 praeter
1008 2383 1171 2470 schisma,
1204 2385 1354 2483 inputat:

176 2496 202 2573 3.
220 2478 323 2555 Canon
345 2504 485 2592 quoque
509 2484 654 2555 Oiiaius
674 2480 876 2567 Nicaenus,
916 2478 976 2575 qui
1002 2478 1048 2552 de
1071 2479 1228 2555 Catharis
1259 2483 1357 2597 agit,

174 2588 291 2671 propter
310 2578 525 2651 Meletianos
545 2577 687 2650 videtur
711 2573 840 2659 fassus,
864 2572 925 2671 qui
948 2573 1125 2649 schismati
1151 2576 1353 2656 Novatiani

174 2668 257 2743 ioliir
272 2672 488 2748 addiderunt.
538 2673 704 2746 Ceterum
735 2669 873 2768 incepit
896 2670 1060 2762 schisma,
1098 2671 1243 2747 durante
1276 2698 1358 2772 per·

173 2758 320 2843 sunnone
345 2766 612 2857 Diocletianea,
654 2785 693 2841 ut
721 2764 929 2842 Athanasius
961 2767 1100 2859 innuit,
1140 2769 1357 2865 Epiphanius
1481 2812 1490 2831 ι

174 2858 242 2936 clare
261 2862 485 2939 demonstrat.
517 2862 722 2937 Athanasius
744 2862 885 2960 quidem
909 2861 946 2936 in
975 2864 1005 2936 E
1031 2861 1084 2938 ist.
1110 2864 1152 2937 ad
1177 2866 1358 2961 Episcopos

170 2954 296 3057 AEgypii
311 2978 343 3037 ei
359 2962 508 3057 Libyae,
531 2955 594 3031 scri
622 2977 656 3032 ta
673 2980 753 3033 aiiii.
780 2964 885 3052 356„
909 2956 979 3047 ait,
1003 2888 1136 3033 durasse
1159 2983 1268 3034 annos
1286 2986 1358 3052 55,

173 3055 279 3165 flnindo
300 3081 330 3134 a.
357 3081 442 3153 301.
467 2984 653 3153 incepidet
675 3071 758 3128 ante
774 3051 1074 3149 persecutionem,
1101 3054 1233 3130 sedvel
1258 3079 1361 3135 error

172 3170 367 3266 innumeros
391 3151 547 3261 irrepsit,
573 3151 631 3225 vel
650 3145 853 3223 Athanasius
875 3152 1046 3256 mempria
1066 3144 1120 3221 est
1139 3150 1260 3246 lapsus.
1314 3157 1358 3232 ln

160 3247 591 3443 missilia
609 3244 1181 3451 iliisitlliisiaiii
1200 3249 1360 3423 slim

156 3462 218 3543 ope
234 3440 506 3519 Eusebianorum
529 3438 642 3528 nadli,
666 3438 816 3511 Arianos
842 3458 1054 3533 receperunt
1079 3439 1114 3510 in
1139 3444 1360 3516 communio·

150 3562 245 3633 nem,
266 3540 359 3615 salva
372 3535 455 3610 licet
473 3534 543 3608 fide
562 3532 759 3619 catholica,
779 3530 989 3620 Christianae
1005 3535 1209 3609 tolerantiae
1228 3557 1264 3609 et
1280 3539 1361 3611 cha·

149 3636 240 3717 rituti
264 3630 534 3711 convenienter.
570 3630 732 3724 sopitum
750 3629 834 3702 licet
853 3626 1066 3724 aliquatenus
1091 3631 1199 3704 suerit
1215 3632 1361 3710 scliisma'

144 3734 252 3837 pets
302 3729 410 3803 odom
437 3727 655 3817 Nicaenam,
697 3743 736 3797 ut
768 3727 867 3819 supra
892 3725 954 3799 suo
975 3729 1055 3801 loco
1081 3727 1237 3814 narravi,
1271 3742 1360 3807 atta-J

147 3852 231 3909 men
248 3753 403 3902 iuhstitit
426 3820 625 3919 aliquandiu
651 3819 729 3915 post
754 3842 819 3917 per
835 3821 1032 3919 Juhannem
1049 3822 1362 3917 Memphitan'um,

146 3922 326 4009 calisium
343 3919 573 4008 Pelusioiam,
596 3915 811 4013 Episcopus,
837 3936 874 3988 et
897 3918 1130 4014 Paplmutium
1158 3919 1361 3996 Anachore·

139 4042 243 4109 tam,
259 4016 345 4091 telle
363 4014 588 4113 Epiphanio:
615 4014 689 4087 imo
706 4033 868 4106 tempore
886 4014 1104 4089 Theodoieti
1127 4011 1294 4107 separatas
1303 4015 1361 4087 ad·

130 4123 214 4205 huc
230 4112 429 4195 habuerunt
444 4111 637 4203 Ecclesias3
655 4128 694 4186 ut
711 4133 761 4285 εὖ
771 4107 852 4206 lpso
860 4110 995 4189 haeret.
1011 4106 1081 4189 sab.
1099 4111 1168 4189 lVi
1191 4112 1363 4287 alli&

273 4248 276 4253 .
768 4226 793 4283 v
815 4225 855 4302 4
1350 4247 1365 4271 .
