3074 4838
1012 496 1018 513 Ι

357 658 360 665 ·
489 597 532 695 Ῑι-
601 604 710 708 Sient.
741 627 885 706 IV.
910 613 925 679 ἶ
1248 625 1328 733 ’163
1374 572 1379 584 Ι

23 789 26 792 ‘
96 788 142 885 ει
168 809 215 888 x.
239 778 314 885 'nm
337 806 590 910 cnorepiscopi
613 809 757 887 nunnae
779 808 864 886 fater
890 807 957 886 nn
981 782 1053 902 rn',
1079 792 1139 910 q’ur
1157 796 1327 915 pipp..

95 938 152 988 ‘nt
177 926 216 981 et
238 914 380 1007 σχολαία
403 926 557 998 notanter
582 908 771 1007 Episcopi,
798 907 906 983 etiam
923 907 1093 1000 ordinati,
1116 907 1175 985 sed
1191 922 1234 988 ab
1251 917 1326 990 Ec·

97 1004 227 1096 clefia,
244 1018 293 1097 ad
310 1028 411 1102 quarn
432 1004 520 1080 nniffi
538 1026 655 1094 erant,
679 1027 754 1078 non
768 1004 919 1095 adrniffi,
944 1003 1015 1078 sine
1031 1005 1185 1083 Ecclesia
1202 1032 1322 1087 erant:

96 1099 196 1201 quod
218 1102 264 1176 de
287 1100 501 1175 Novatianir
525 1100 710 1197 Episcopis
734 1120 775 1171 ac
799 1100 1007 1175 Meletianir
1033 1120 1173 1200 quoque
1201 1103 1325 1183 statuit

97 1195 231 1274 concil.
257 1197 345 1272 Nic.
378 1199 409 1271 1.
442 1216 481 1271 et
506 1194 664 1294 Epistola
696 1194 827 1293 Synod.
859 1193 950 1291 apud
973 1199 1109 1272 Socrat.
1144 1200 1196 1274 H.
1229 1205 1259 1277 l:
1283 1228 1322 1296 9.

101 1295 192 1405 Quo
217 1293 324 1368 etiam
348 1314 463 1367 canon
494 1291 741 1366 Antiochenus
772 1287 928 1364 decimus
960 1293 1139 1403 pertinet,
1179 1295 1236 1391 qui
1261 1323 1323 1376 eor

103 1385 216 1479 dicit,
237 1385 357 1464 manui
376 1383 592 1496 inposttionenr
614 1384 842 1484 Episcoporum
866 1385 1041 1482 acceprffe,
1072 1404 1107 1459 et
1128 1405 1164 1462 ut
1186 1392 1322 1490 Episco-

103 1482 845 1679 lltlllfflllglr,illidito
863 1483 1322 1688 lptlltllilttlr

100 1679 225 1755 Merca
247 1699 335 1751 tnnc.
358 1676 489 1750 Sacerd.
521 1691 553 1749 et
586 1675 693 1770 Inper.
727 1674 750 1750 l.
776 1675 821 1749 ll.
848 1695 910 1746 eos
933 1693 1006 1746 non
1038 1671 1141 1749 snrlle
1171 1676 1321 1774 Episco·
1381 1730 1383 1737 ,

97 1797 188 1884 ppt,
211 1795 336 1882 veroin
361 1769 503 1846 secundi
526 1771 678 1880 ordinis,
703 1789 741 1844 et
765 1768 1019 1879 Episcopornrn
1036 1768 1187 1884 vicarios
1201 1775 1321 1946 inpa-

97 1893 157 2038 Ξῖ
172 1885 440 2053 demidii?
453 1863 1320 2071 &titillantialltlalllllllpt

98 2057 230 2152 adhoc
244 2082 367 2134 munus
380 2056 584 2154 aliquando,
607 2055 666 2130 sed
684 2054 985 2165 extraordinarie,
1009 2053 1108 2131 futffe
1125 1988 1178 2133 ati

98 2154 191 2230 Illud
214 2153 302 2229 mihi
325 2151 482 2229 constare
507 2152 669 2245 videtur,
699 2176 763 2228 eos
787 2148 888 2226 fmffe
913 2150 1132 2250 Presbyterir
1155 2154 1316 2254 superio·

94 2275 176 2343 rer,
198 2251 257 2324 sed
271 2250 475 2348 Episcopis,
498 2248 781 2348 propriediiiis,
805 2245 1011 2338 inferiores,
1035 2266 1074 2321 et
1102 2251 1146 2323 ab
1162 2250 1313 2349 Episco-

94 2368 150 2446 po
180 2345 276 2422 urbis
309 2346 561 2443 dependentes.
618 2346 708 2422 Vid.
740 2345 921 2441 Zieglerur
950 2343 996 2417 de
1026 2342 1196 2442 Eiscrpt'r
1232 2350 1254 2424 l.
1281 2353 1313 2429 Ir

1169 2059 1313 2140 hibitort

93 2465 131 2519 c.
160 2462 215 2540 13.
239 2443 300 2517 nbi
327 2442 372 2517 de
396 2440 478 2556 iplis
500 2440 574 2516 fuse
596 2440 743 2518 differit.
794 2438 929 2550 Utique
961 2363 1142 2537 oppiiano
1164 2443 1313 2540 Episco-

125 2561 172 2631 ο,
193 2539 359 2634 adscujor
380 2536 552 2639 ditionem
578 2535 634 2615 illa
654 2535 756 2652 regio
780 2537 1001 2636 pertinebat,
1026 2554 1126 2611 erant
1143 2536 1312 2635 subjecti,

91 2561 185 2711 ἔειπε
216 2622 316 2710 [XX
354 2629 513 2735 discipuli
549 2635 747 2736 Apostohs,
781 2694 783 2699 .
815 2659 861 2711 uo
885 2630 1031 2709 nomine
1056 2633 1206 2710 veniunt
1230 2659 1310 2713 can.

96 2738 158 2822 '14
180 2729 432 2822 neo-caesar.;
459 2754 563 2830 qnare
586 2756 607 2806 a
630 2731 703 2806 solo
726 2659 907 2831 Epiicopo
931 2730 1198 2839 ordinabantur,
1223 2731 1313 2838 teste

91 2847 230 2903 canone
248 2827 502 2920 Antiocheno,
528 2849 595 2900 nec
614 2828 837 2926 presbyteros
851 2844 911 2900 aut
927 2826 1115 2917 diaconos,
1142 2826 1205 2902 nin
1229 2851 1312 2925 per·

91 2919 265 2998 mittente
289 2923 320 2994 E
346 2921 488 3020 iscopo,
512 2921 977 3020 ordinarepoterantruri,
1002 2940 1042 2994 ut
1095 2942 1208 2997 raeter
1232 2944 1311 2999 can.
1424 2956 1426 2963 <

90 3017 164 3094 cit·
187 3015 295 3088 habet
344 3038 527 3112 ncyranur.
577 3021 747 3090 Attamen
790 3016 934 3097 otestate
950 3015 1039 3112 gand
1107 3035 1146 3091 nt
1164 3017 1314 3093 inferio·
1392 3099 1394 3105 s

87 3134 158 3190 res
181 3106 332 3182 clericor
348 3109 550 3201 ordinandi,
582 3041 810 3207 baptizantitis
825 3109 1074 3216 confirmandi,
1100 3111 1232 3186 clericis
1256 3113 1314 3189 lit·

90 3215 192 3286 ceras
225 3201 330 3278 dandi
353 3201 576 3297 dimill'orias,
609 3223 649 3279 nt
665 3225 817 3278 canones
836 3200 1057 3276 Antiocheni
1076 3204 1226 3297 habent,
1251 3207 1316 3285 de·

90 3304 205 3400 nique
229 3298 350 3391 stactis,
374 3299 555 3398 praesente
576 3298 776 3399 Episcopo,
802 3301 841 3373 in
857 3296 1049 3409 civitaten
1076 3300 1216 3393 erandi,
1243 3304 1314 3381 tes·

90 3401 190 3478 tibur
206 3395 396 3473 canonibus
412 3397 640 3473 Neo-caesar.
692 3399 856 3471 Ceterum
877 3395 993 3470 Chore
1019 3395 1130 3493 rcopi
1154 3419 1222 3475 nec
1235 3401 1314 3490 ubi·

95 3514 186 3605 ¹que,
210 3515 278 3567 nec
303 3491 457 3591 semper,
483 3492 636 3568 fuerunt.
690 3492 886 3569 Concilium
904 3418 1094 3567 Laodicen.
1112 3492 1149 3568 in
1165 3496 1264 3592 pagis
1277 3511 1317 3569 et

94 3589 189 3666 vicis
213 3589 332 3662 vetuit
350 3588 518 3665 constitui
543 3590 747 3688 episcopos,
772 3608 809 3662 et
835 3596 957 3660 eorum
982 3588 1065 3661 loco
1079 3587 1176 3683 jullit
1200 3588 1314 3664 intro·
1371 3675 1376 3682 ¹

94 3683 180 3764 duci
195 3688 389 3778 oreredtvede
404 3686 726 3785 circumcursatorrr‚
751 3681 824 3758 five
842 3701 1020 3757 curatores
1037 3701 1075 3757 et
1093 3681 1313 3766 vilitatorer:

123 3806 168 3856 uo
195 3783 340 3856 nornine
362 3780 517 3856 nonnulli
540 3779 737 3881 presbyteri
762 3797 952 3855 occurrunt
975 3777 1014 3851 in
1041 3776 1141 3853 Attis
1166 3779 1314 3859 Chalce-

95 3804 179 3965 don.
228 3876 311 3969 Nec
338 3896 455 3953 tamen
478 3878 622 3974 penitis
646 3877 839 3964 cessarunt,
863 3894 903 3948 ut
927 3894 973 3947 ex
997 3874 1107 3970 Greg.
1133 3874 1225 3953 Naz.
1251 3901 1311 3972 ep.

96 3991 183 4062 245.
217 3970 329 4047 Basilii
355 3976 412 4050 M.
445 3971 551 4049 variis
582 3971 760 4072 epistolis,
802 3967 1025 4045 Theodoret.
1058 3991 1115 4064 ep.
1154 3991 1234 4065 113·
1266 3970 1311 4044 ad

88 4068 275 4161 Leonem,
296 4067 455 4170 aliisque,
472 4069 632 4170 adparet:
654 4066 804 4235 inposec.
822 4066 909 4146 v11.-
925 4060 1040 4139 adhuc
1055 4062 1169 4156 fuine,
1185 4061 1321 4228 endlsr·¹

180 4187 210 4210 ⁵
623 4181 624 4184 ’
732 4185 754 4260 3
1053 4212 1056 4219 ,
1214 4233 1216 4236 Α
1254 4177 1311 4239 or·
