3008 4830
145 654 219 755 346
385 752 389 761 ί
530 645 683 748 Historia
703 648 833 755 Eccles,
855 650 969 754 Cluiss.

141 827 259 909 etiam
284 824 549 922 persecutiones
578 848 615 913 et
641 830 867 923 vexationes,
906 851 1062 931 quarum·
1083 827 1275 926 praecipua
1297 827 1378 911 suit

149 927 211 1002 sub
237 924 386 1003 Damaso
410 927 521 1021 Papa,
546 926 590 1005 de
618 949 683 1022 qua
707 929 833 1005 acerbe
856 944 1120 1023 conqueruntur
1138 925 1378 1003 Marcellus·

147 1040 189 1097 et
217 1017 357 1097 Faustus
379 1020 417 1101 iu
443 1024 548 1096 libello
568 1041 721 1117 precum,
746 1023 855 1103 modo
878 1021 1010 1112 citato,
1035 1043 1109 1097 non
1137 1042 1210 1097 tam
1235 1023 1282 1095 oh
1298 1044 1378 1117 pu-

150 1139 228 1201 rum
259 1114 606 1207 Luciferiauismnm,
649 1118 779 1195 nullal
825 1143 845 1191 e
880 1120 1053 1204 veritum,
1097 1115 1160 1195 nisi
1194 1135 1378 1217 quatenu=

150 1211 403 1306 rebaptizandis
420 1209 582 1304 savehat',
607 1236 709 1311 quarn
733 1142 990 1295 opimiorem
1007 1211 1127 1287 Ursrui
1152 1232 1276 1288 contra
1293 1213 1378 1285 Da.

148 1302 299 1403 malum,
324 1326 383 1383 aut
405 1310 485 1389 alias
507 1313 644 1401 causas,
666 1325 706 1381 ut
729 1328 830 1404 putat
855 1310 974 1384 Maria
991 1308 1165 1384 Merenda
1187 1310 1232 1383 de
1255 1304 1340 1403 gesti

146 1401 287 1479 Damasr
323 1403 366 1477 ad
396 1427 476 1485 ann.
509 1415 590 1505 383.
649 1403 816 1479 Ceterum
848 1427 893 1481 ex
926 1401 1181 1479 recentioribus
1212 1403 1258 1476 de
1288 1401 1378 1474 ho·

148 1497 331 1583 schismate
353 1498 443 1592 legi,
472 1496 739 1597 praesentius,
763 1498 842 1575 satis
868 1520 993 1590 notos,
1016 1520 1172 1575 meretur
1186 1496 1378 1597 unguor:

147 1592 187 1670 iu
210 1592 343 1694 lusoria
355 1592 554 1693 scholastica
577 1588 739 1693 baptismi
764 1595 965 1671 Laic'orum.
1107 1697 1114 1711 .

441 1783 764 1861 PROPAGATIO
785 1783 1058 1862 ECCLESIAE.

189 1974 222 2074 5.
246 1973 432 2051 CCCXXI.
474 1978 532 2051 De
557 1974 730 2051 Ecclesiae
753 1972 961 2050 Christianae
993 1998 1058 2072 per
1081 1974 1276 2049 Romanurn
1299 1972 1378 2049 ina

142 2075 306 2171 perium,
346 2090 383 2142 et
405 2072 490 2146 allos
513 2073 608 2146 orbis
632 2071 800 2178 populos,
832 2067 1017 2144 diffusione
1039 2068 1228 2166 scriptores
1251 2071 1378 2167 huju..

142 2166 246 2243 seculi
270 2164 454 2262 magnifice
477 2166 564 2239 adeo
588 2167 700 2238 locotr
724 2164 822 2252 sunt,
848 2185 887 2239 ut
910 2166 952 2239 ab
981 2166 1176 2264 hyperbole
1200 2166 1262 2239 vix
1288 2167 1378 2240 ab-

140 2264 231 2341 solvi
265 2262 401 2359 poffint.
456 2260 664 2348 Proferam,
705 2262 762 2333 vel
797 2259 912 2355 digito
957 2280 1092 2337 tantum
1125 2258 1318 2334 monstrabo

142 2362 317 2435 Veterum
343 2358 427 2430 loca.
475 2357 599 2428 Euseb.
627 2355 746 2451 Praep.
773 2356 906 2451 Euang.
934 2356 956 2429 l.
981 2358 1010 2429 1:
1038 2382 1070 2451 3.
1094 2372 1131 2427 et
1149 2352 1378 2428 Demetrii:

140 2459 273 2547 Euang.
301 2455 321 2525 l.
347 2453 397 2542 1.,
430 2451 490 2527 ubi
514 2469 685 2524 memorat
711 2452 943 2546 AEgyptios,
968 2453 1104 2540 Persas,
1140 2450 1361 2525 Armenios=

139 2570 177 2623 et
202 2570 373 2622 extremas
401 2565 507 2619 terras
529 2546 725 2621 incolentes
748 2548 928 2618 barbaros:
968 2545 1040 2619 trid.
1067 2566 1103 2617 et
1131 2544 1174 2617 de
1199 2547 1378 2620 laudiht.

140 2640 360 2718 Constantini
385 2663 416 2713 c.
445 2647 501 2714 16.
552 2639 729 2714 Arnobius
751 2640 911 2713 adversus
939 2640 1073 2713 Gentes
1098 2641 1119 2715 l.
1145 2643 1191 2716 lI.
1217 2642 1252 2715 in
1268 2640 1364 2734 spe:

30 2774 34 2780 ·
139 2741 195 2816 cie
222 2734 380 2806 recenset
405 2734 529 2822 Indos,
555 2735 679 2822 Seras,
705 2735 855 2822 Medos,
880 2735 1015 2818 Persas,
1040 2755 1180 2832 praeter
1198 2739 1376 2811 Roman

138 2830 275 2928 Inperii
307 2829 535 2926 provincias,
577 2829 650 2901 imo
684 2830 721 2902 in
756 2853 885 2925 genere
921 2828 1045 2904 insulas
1076 2852 1113 2904 et
1148 2827 1378 2927 provincias:

139 2952 283 3107 3ῗηῖῗέ
303 2949 405 3093 riuis
428 2924 885 3114 irieili³3⁵i30⁰i⁰idsi¹3f
908 2923 1041 3094 mihil
1058 2924 1378 3098 cli-lazi&

137 3122 233 3197 hom.
260 3118 305 3191 Il.
341 3117 378 3190 in
401 3045 610 3227 I{Iohannem
643 3139 828 3192 occurrunt
861 3047 1207 3213 Syri,passgypitii,
1249 3112 1333 3189 lndr'
1375 3146 1378 3179 τ

135 3213 278 3303 Persae,
304 3215 531 3306 AEthropes‚
564 3215 833 3308 innumeraeque
856 3213 942 3284 aliae
969 3211 1123 3288 Gentes:
1181 3213 1216 3286 ui
1241 3208 1378 3284 etiarss

136 3309 414 3394 Britannicarum
431 3307 658 3381 Ecclesrarum
678 3308 900 3397 ,mentionem
918 3307 1022 3396 facit,
1048 3306 1141 3381 honr.
1158 3239 1378 3382 icxvusa

137 3408 179 3482 ad
208 3425 240 3475 2.
262 3402 423 3483 Corinth.
475 3402 560 3474 Vid.
589 3401 694 3474 etiam
720 3402 812 3475 horn.
837 3403 938 3473 XVI.
963 3402 1004 3474 ad
1032 3403 1274 3492 Antiochen,
1306 3392 1378 3475 εί

137 3518 248 3585 cenna
274 3498 391 3567 Gentes
417 3520 457 3570 ac
480 3496 645 3588 Judaeos
687 3517 753 3568 nec
780 3519 850 3570 non
880 3495 976 3570 serm.
1002 3497 1045 3570 de
1071 3503 1219 3572 utilitate
1244 3502 1378 3572 sehin!

134 3606 189 3676 als
214 3596 336 3685 Script.
360 3593 416 3679 S.,
451 3611 488 3665 et
519 3591 665 3686 Cyrillus
700 3592 875 3665 Hierosol.
910 3592 1046 3666 catech.
1071 3594 1175 3669 XVI.
1212 3618 1254 3671 ac
1286 3598 1343 3673 Ba·

132 3697 223 3771 srlius
245 3691 300 3763 M.
332 3686 426 3760 honr.
453 3689 497 3759 ll.
531 3688 574 3759 de
607 3687 781 3781 Jejuno,
824 3703 860 3757 et
887 3686 1042 3761 Hilarius
1075 3690 1117 3762 ad
1142 3692 1192 3765 Pl.
1219 3692 1321 3766 XIV.

130 3788 192 3869 ubi
223 3783 357 3859 Oceani
386 3780 513 3858 insulae
538 3805 678 3890 quoque
708 3804 957 3890 memorantur.
1008 3783 1190 3859 Arnobius
1225 3787 1269 3862 ad
1292 3743 1347 3871 Pi

135 3907 215 3978 147.
239 3879 343 3952 Indos
370 3902 389 3952 a
414 3898 512 3975 parte
540 3880 717 3966 Orrentrs,
743 3898 781 3951 et
807 3879 972 3951 Britones
997 3902 1016 3951 a
1042 3901 1142 3975 parte
1166 3882 1347 3969 Occiden-

134 3982 181 4073 eis
204 3991 392 4062 memorat,
429 3975 471 4047 ad
498 3996 585 4068 quos
615 3974 724 4047 sermo
756 3971 826 4046 Dei
863 3973 1039 4066 pervenit.
1093 3977 1346 4052 Theodoretus

133 4077 258 4170 enam,
285 4070 329 4161 de
354 4072 505 4159 cummis
529 4069 725 4157 Graecorum
749 4066 1010 4165 affectionibus,
1038 4073 1180 4170 profert
1206 4070 1347 4174 Scythi-

218 4203 248 4245 ἐ
451 4210 454 4217 ·
838 4234 841 4238 .
1288 4186 1354 4242 028
