3074 4838
753 456 759 464 a

161 689 252 783 388·
409 688 416 706 ‘
545 675 694 777 ffillorio
718 673 845 779 Eccles.
869 673 987 778 Cmrst.

162 859 343 936 aRuffino
362 854 508 944 fallam,
533 855 713 947 acerbius,
738 876 898 956 tanquam
917 856 1165 955 perniciosam,
1183 857 1377 956 perstrinx-

162 955 261 1046 iffet,
287 953 381 1029 simul
405 953 447 1027 ad
473 949 586 1044 ipsum
613 953 793 1028 Ruffinum
817 964 883 1028 lrac
905 959 950 1028 de
976 979 1013 1028 re
1033 955 1234 1053 scripsisset,
1261 956 1379 1037 Ruffi·

161 1075 245 1141 uus,
270 1051 371 1124 valde
396 1051 638 1136 exacerbatus,
664 1053 751 1123 duos
775 1052 1004 1126 invectivarum
1028 1053 1155 1142 libros,
1187 1076 1248 1152 qur
1276 1054 1375 1129 iuter

159 1170 271 1242 opera
294 1141 508 1240 Hieronymi
532 1141 685 1233 exstant,
712 1147 869 1218 exaravit
894 1167 1017 1219 contra
1041 1148 1173 1242 ipsum,
1207 1149 1308 1224 simul
1333 1149 1374 1226 iu

160 1242 206 1317 iis
232 1238 503 1316 commentarios
529 1239 602 1336 ejus
625 1237 662 1311 in
692 1242 728 1314 S.
755 1241 970 1336 scripturam
1004 1243 1146 1319 taxavit.
1197 1242 1374 1320 Publicati

159 1335 300 1435 quidem
326 1357 389 1431 per
411 1334 540 1407 ltaliam
564 1332 642 1407 sunt
668 1335 717 1408 illi
743 1336 819 1408 libri
842 1361 872 1411 a.
923 1359 1003 1426 99„
1028 1337 1086 1411 sed
1108 1336 1228 1435 postea
1259 1336 1372 1416 limati

154 1434 204 1507 ad
235 1433 498 1527 Hieronymum
530 1453 561 1503 a.
593 1453 678 1519 401.
705 1435 754 1503 ab
786 1432 863 1528 ipso
895 1360 1038 1506 iluffino
1069 1436 1167 1508 mlffi.
1192 1437 1194 1440 ’
1215 1434 1374 1532 Quando

159 1552 255 1603 anno
280 1550 391 1620 4011„
429 1545 491 1598 aut
518 1526 706 1597 secuudum
731 1526 830 1617 alios,
869 1550 900 1600 a.
925 1550 1032 1618 402„
1065 1531 1213 1626 primam
1236 1529 1372 1628 tempsit

155 1644 284 1700 contra
307 1620 489 1696 Ruffiuum
513 1620 712 1715 apologiam,
737 1642 774 1692 et
797 1643 890 1694 anno
917 1624 1100 1720 sequente,
1126 1645 1268 1723 praeter
1291 1627 1371 1699 Lit-

158 1737 250 1800 teras
275 1718 318 1796 ad
342 1713 601 1791 Pammachium
626 1734 663 1787 et
685 1718 908 1806 Marcellam,
949 1720 1144 1815 apologiam
1167 1719 1370 1802 secundam.

158 1815 253 1918 Quas
284 1813 409 1885 horum
435 1811 589 1884 virorum
624 1807 826 1886 inimicitias
849 1816 974 1887 acerbe
1002 1814 1196 1910 deploravit
1226 1817 1371 1914 Augus·

157 1931 254 1988 mnus
283 1905 383 2004 epist.
410 1927 470 2002 73.
503 1908 546 1980 ad
577 1906 690 2017 ipsum
715 1907 994 2005 Hieronymum,
1035 1932 1115 1984 cum
1148 1931 1244 1985 tanta
1270 1913 1370 1990 inter

157 2027 221 2079 eor
244 2002 353 2077 suerat
376 2001 550 2086 amicitia,
588 2023 682 2076 mter
715 2003 782 2076 alia
806 2005 948 2076 dicens!
989 2011 1057 2100 quis
1082 2009 1216 2102 denique
1237 2013 1375 2085 amicus

157 2122 218 2174 oon
238 2098 436 2189 formidatur
459 2101 609 2170 inimicus
630 2097 794 2190 futurus,
826 2096 862 2188 st
887 2105 994 2194 potuit
1025 2106 1109 2174 inter
1133 2105 1232 2176 Hiero
1278 2129 1372 2182 mum

156 2212 190 2269 rt
210 2192 382 2290 Ruffiuum
406 2195 481 2279 hoc,
506 2195 586 2286 qnod
604 2193 811 2287 plangimur,
843 2198 949 2266 oriri?
982 2197 1085 2269 Haud
1107 2198 1236 2293 diupo
1293 2203 1371 2276 lese'

156 2290 279 2365 insano
302 2291 422 2363 furore
447 2288 558 2361 vertit
583 2309 705 2361 contra
733 2287 988 2384 vigilantium,
1013 2316 1129 2388 quem
1146 2294 1244 2368 brevi
1274 2314 1370 2370 trac·

155 2405 232 2461 tatu
258 2387 427 2459 acerrime
454 2381 622 2458 refutavit
647 2405 676 2458 a.
699 2391 785 2476 406.
842 2385 900 2457 De
923 2400 993 2480 quo
1016 2387 1164 2482 postea·
1197 2390 1378 2490 Denique·

153 2481 334 2579 Pelagium
361 2477 534 2576 adgressus
558 2476 608 2552 est
632 2478 812 2566 refellere,
851 2481 887 2551 in
912 2479 1064 2574 Epistula
1088 2484 1130 2558 ad
1157 2484 1368 2596 Ctesiphon·

154 2596 228 2651 tem
253 2599 283 2648 a.
310 2598 394 2664 412.
421 2575 475 2646 vel
500 2598 606 2668 413„
639 2596 706 2647 nec
738 2596 808 2645 uon
842 2575 951 2648 tribus
986 2576 1213 2676 Dialogorum
1238 2583 1364 2675 nuris,

152 2672 259 2769 paulo
284 2690 364 2743 anto
396 2670 574 2765 Synodum
598 2667 895 2764 Diospolitanam,
928 2672 1084 2770 adeoque
1109 2699 1140 2750 a.
1165 2699 1251 2768 415.
1303 2680 1368 2753 Li·

154 2785 208 2840 tes
233 2788 369 2861 quoque
395 2786 473 2837 cum
499 2761 712 2852 Augustino,
738 2764 794 2836 sed
819 2764 1020 2851 amiciores,
1048 2771 1167 2844 habuit
1193 2773 1237 2846 de
1262 2776 1368 2872 Epis·

153 2885 326 2957 coporum
350 2857 524 2955 dignitate
557 2857 656 2951 supra
687 2861 916 2954 Presbyteros
951 2865 1128 2939 aDivino
1155 2867 1234 2961 jure
1258 2894 1369 2968 repe·

152 2958 260 3035 tenda
295 2955 480 3030 secundum
516 2952 769 3050 Augustinum,
808 2978 875 3027 uec
906 2979 976 3028 non
1008 2960 1052 3031 de
1085 2963 1240 3036 versione
1266 2988 1368 3048 nova

150 3051 296 3142 Latina,
321 3055 362 3125 ab
383 3053 608 3151 Hieronymo
633 3051 815 3137 adornata,
839 3049 882 3121 de
914 3052 1052 3148 origine
1075 3058 1209 3131 animae
1230 3083 1278 3135 ex
1295 3082 1369 3141 tra·

101 3177 109 3190 ·
151 3149 262 3238 duce,
289 3172 356 3222 nec
374 3171 441 3235 ne,
465 3148 547 3223 deni
575 3171 617 3222 ue
640 3149 684 3220 de
706 3143 975 3245 reprehensione
993 3151 1087 3226 Petri
1111 3155 1251 3229 aPaulo
1282 3161 1366 3244 Gal,

149 3243 198 3318 11.
226 3245 337 3328 serio,
364 3267 431 3317 nec
457 3268 521 3317 ne.
548 3173 648 3317 sacia.

185 3337 231 3508 As.
258 3339 342 3412 XV.
370 3339 484 3430 Opera
501 3335 735 3434 Hieronymi,
760 3362 906 3435 quorum
924 3343 1105 3418 noviffima
1123 3344 1172 3420 est
1189 3367 1228 3423 et
1247 3350 1368 3450 splen·

149 3433 184 3510 di
208 3457 228 3507 a
250 3430 383 3519 editio,
408 3431 491 3506 licet
516 3432 633 3507 naevis
660 3455 731 3507 non
755 3455 889 3525 careat,
914 3460 996 3511 cura
1022 3441 1231 3519 Mauriauaei
1262 3449 1367 3544 quin·

93 3540 100 3544 ’
149 3554 219 3631 que
239 3525 473 3602 voluminibus
496 3524 533 3601 in
557 3531 656 3619 uon,
697 3532 775 3602 sunt
800 3552 938 3625 praeter
965 3534 1134 3631 Epistulas
1167 3559 1205 3611 et
1232 3542 1364 3642 scripta

147 3624 302 3713 eristica,
326 3623 433 3696 modo
449 3644 658 3713 memorata,
685 3628 876 3721 praecipue
895 3629 1209 3725 interpretationes
1227 3637 1363 3751 Script.

146 3723 204 3809 8.,
235 3740 273 3794 et
296 3719 540 3794 commentarii
565 3721 604 3794 in
629 3744 724 3808 eam,
761 3741 863 3795 utet
889 3723 1083 3812 Historica,
1126 3727 1197 3804 stve
1226 3733 1264 3806 in
1291 3739 1360 3812 ltu·

145 3840 248 3916 guam
274 3817 352 3893 Lat.
377 3816 495 3905 versa,
536 3814 607 3889 srve
630 3817 672 3889 ab
700 3815 777 3910 ipso
807 3818 961 3894 condita.
1015 3822 1187 3900 chronicon
1211 3828 1361 3908 Eusebii

147 3910 320 3988 transtulit
342 3935 372 3986 a.
399 3934 501 4008 373„
544 3929 582 3984 ut
611 3912 754 4024 exejus
777 3910 932 4080 Epistola
959 3915 1002 3988 ad
1029 3920 1291 4001 Pammachium
1311 3929 1358 4002 de

142 4013 259 4106 optimo
272 4030 386 4101 genere
403 4008 633 4100 interpretando
650 4026 771 4102 patet,
812 4028 924 4100 crupta
948 4033 979 4085 a.
1007 4035 1113 4107 392„
1140 4018 1222 4111 ubi,
1247 4023 1353 4096 seau-

143 4125 188 4189 ιε
201 4127 312 4191 aanor
335 4100 443 4186 aoid
458 4103 601 4202 secjss'e,
626 4100 781 4184 testatur.
833 4104 1066 4187 Continuavit
1084 4134 1173 4193 vero
1191 4138 1263 4196 non
1279 4136 1355 4191 tan·

150 4249 168 4278 .‚
203 4268 208 4275 ,
658 4224 673 4273 .·.
708 4230 714 4269 ;
775 4260 786 4274 ,.
1278 4228 1364 4293 gum
