3074 4838
166 722 240 799 724
559 662 861 800 naiteinins.
887 694 1004 803 misr.

174 878 279 955 tibur.
311 875 548 1050 postinianoe
572 873 673 956 vivis·
689 874 848 969 sublato,
872 866 1016 969 mitius,
1045 875 1315 979 et'lnperatore
1329 877 1410 977 dig-'

174 974 274 1063 nius,
336 998 380 1050 oc
403 976 588 1073 negotium
617 975 783 1051 tractavit
808 975 884 1074 ejui
899 973 1081 1071 successor
1104 972 1282 1074 Justinus,
1323 980 1408 1073 qui,

174 1066 298 1146 emisso
314 1068 456 1161 edicto,
482 1069 641 1146 haereses
664 1072 808 1169 quidem
826 1068 929 1164 Arii,
960 1068 1122 1163 Sabellii,
1146 1069 1333 1160 Nestorii,
1359 1091 1407 1143 ac

144 1163 407 1271 &Eutychetim
438 1167 638 1258 damnavit,
680 1165 739 1241 sed
770 1167 880 1243 trium
903 1166 1138 1264 capitulorum
1164 1188 1239 1242 non
1266 1187 1400 1243 tanturn

173 1267 299 1337 nullam
327 1260 416 1335 fecit
440 1266 683 1353 mentionem,
717 1261 777 1337 sed
803 1265 927 1354 rebus,
960 1263 1056 1336 circa
1084 1283 1168 1360 quas
1196 1261 1315 1336 nullae
1344 1260 1406 1334 de·

95 1412 98 1417 -
173 1350 259 1435 fient
285 1354 354 1430 esse
370 1357 472 1447 lites,
492 1356 691 1448 accensuit,
715 1358 859 1449 dicent,
881 1355 916 1432 se
939 1358 998 1430 illa
1014 1359 1169 1431 credenda
1190 1355 1408 1454 propifiir'ffr,

171 1448 211 1535 tir
233 1474 324 1527 irino
348 1453 491 1546 deinceps
514 1455 577 1527 ullo
593 1469 775 1565 praetextu
807 1470 939 1549 propter
965 1451 1120 1551 personas
1149 1469 1210 1527 aur
1243 1456 1407 1550 Syllabas

172 1560 309 1629 rixetur.
359 1548 446 1623 Vid.
471 1549 644 1646 Evagrius
667 1550 717 1625 H.
745 1550 795 1624 V:
827 1572 865 1642 4.
922 1550 1028 1624 Unde
1060 1572 1182 1623 rumor
1213 1571 1281 1645 per
1306 1549 1407 1624 Afri·

169 1669 271 1735 cam,
296 1663 334 1717 et
360 1641 583 1738 Hispaniam,
612 1669 632 1719 a
655 1644 890 1742 capitulorum
914 1642 1157 1720 defensoribus
1178 1645 1200 1718 s
1256 1644 1313 1720 sus
1329 1642 1404 1732 est,

169 1741 288 1823 edicta
314 1735 501 1834 Justiniani
526 1738 596 1813 else
620 1763 641 1814 a
666 1739 801 1836 Justino
834 1757 1024 1830 revocata3
1064 1761 1104 1815 ut
1135 1763 1175 1812 re
1193 1759 1249 1816 ert
1281 1743 1406 1815 nubas

169 1834 372 1916 Biclariens.
400 1832 436 1905 in
464 1830 653 1908 Chronico.
702 1834 771 1908 Sed
796 1852 834 1907 et
861 1832 952 1909 aliud
976 1832 1098 1934 Justini
1113 1833 1253 1910 facinus
1265 1838 1403 1909 animoa

169 1928 396 2010 defensorum
420 1927 558 2003 illorum
584 1930 719 2020 erexit,
744 1953 814 2027 quo
839 1929 1047 2022 Narsetem,
1078 1929 1210 2006 sortem
1234 1931 1399 2022 Ducem,
1421 1977 1427 1989 -

172 2048 212 2105 et
237 2021 353 2102 Italiae
369 2020 656 2114 instauratorem,
691 2026 834 2099 domum
861 2026 1068 2102 revocavit:
1100 2025 1237 2123 qnando
1254 2050 1298 2102 ea
1313 2029 1400 2101 Pro·

169 2121 288 2202 vincia
311 2119 347 2193 in
371 2141 489 2193 manus
514 2119 830 2218 Langobardorum
857 2119 1005 2214 incidit,
1033 2116 1092 2195 sub
1117 2144 1266 2219 quorum
1291 2125 1399 2220 Inpe-

168 2222 224 2297 rio
258 2215 473 2293 schismatici
500 2215 584 2290 fatti
612 2216 691 2291 sunt
714 2215 971 2292 obstinatiores.
1023 2217 1157 2293 Habita
1185 2217 1258 2306 est,
1303 2217 1396 2293 haud

168 2318 249 2405 diu,
269 2309 347 2411 post
362 2331 468 2384 anno.
496 2331 605 2405 579„
657 2313 821 2409 synodus
839 2311 1054 2403 Gradienfis,
1080 2313 1118 2388 in
1137 2314 1247 2388 Gradi
1265 2313 1398 2404 insula,

172 2413 343 2506 adquam
369 2405 465 2479 sedes
496 2408 789 2503 Metropolitica,
837 2431 923 2505 quae
961 2408 1042 2482 alias
1076 2410 1261 2507 Aquilejae
1296 2430 1398 2499 erat,

166 2505 341 2583 ‚consensu
366 2525 506 2599 quoque
532 2503 664 2598 Pelagii
692 2502 739 2577 ΙΙ.
769 2503 903 2601 Papae,
939 2501 990 2577 est
1024 2505 1206 2596 transsata,
1247 2523 1399 2603 propter

2 2685 6 2692 ,
80 2640 87 2649 ·
166 2597 440 2693 Longobardos,
484 2599 541 2689 qui
581 2596 779 2694 Aquilejam
812 2602 989 2674 tenebant.
1054 2600 1093 2672 In
1126 2624 1193 2698 qua
1226 2601 1396 2697 synode,

165 2719 270 2810 quam
287 2690 414 2765 recitat
440 2691 628 2784 Uglrellus,
654 2693 689 2765 in
714 2693 954 2793 stoliasacru,
980 2717 1089 2792 opere
1137 2695 1294 2777 'uantivis
1311 2718 1397 2792 pre·

53 2794 56 2800 ’
163 2792 230 2882 tri,
256 2807 342 2862 toni.
369 2785 443 2879 V.,
467 2787 620 2882 juratum
644 2789 775 2866 iteruin
799 2793 850 2864 est
882 2792 920 2865 in
945 2791 1078 2888 Synodi
1103 2796 1132 2867 C
1158 2791 1399 2866 alcedonensia

162 2885 407 2964 defensionem
431 2904 556 2957 contra
576 2884 757 2982 Synodum
780 2886 902 2961 Viam.
931 2885 1085 2982 Pelagius
1109 2889 1251 2984 quidem
1273 2887 1310 2962 in
1328 2887 1397 2960 ini·

20 3053 23 3057 a
162 2987 219 3079 tio
243 2984 368 3057 leniter
396 3001 476 3052 cuin
503 2980 547 3052 iis
579 2980 675 3076 egit,
709 2983 818 3067 variis
843 3001 981 3056 tanturn
1009 2983 1136 3056 litteris
1159 3008 1220 3058 eos
1244 2985 1290 3057 ad
1315 2983 1396 3058 uni·

160 3099 273 3158 tatem
298 3074 471 3149 Ecclesiae
495 3074 670 3164 hortatus,
697 3076 755 3150 sed
782 3074 923 3176 postea,
957 3100 1036 3152 cum
1063 3101 1123 3153 eos
1147 3077 1301 3152 sensisset
1329 3083 1396 3153 ob·

159 3164 329 3263 nimios,
371 3170 479 3245 etiam
506 3190 630 3247 contra
658 3171 776 3246 sedem
807 3174 1001 3247 Romanam
1037 3175 1165 3262 elatos,
1207 3174 1397 3249 concitare

161 3270 285 3367 eoepit
312 3269 349 3340 in
374 3290 437 3340 eos
458 3266 684 3357 Exatchum,
719 3269 779 3366 qui
805 3271 959 3344 minaces
981 3268 1026 3342 ad
1050 3293 1112 3343 eoi
1132 3269 1269 3366 scripsit
1294 3269 1396 3344 litte·

156 3388 233 3445 ras:
260 3361 317 3437 sed
340 3361 383 3435 ad
408 3362 628 3439 Mauricium
656 3363 922 3462 Inperatorem‚
947 3365 1052 3462 longe
1081 3364 1236 3440 melioris
1260 3365 1395 3457 animi,

155 3455 426 3564 confugientes,
465 3459 512 3533 ab
547 3482 592 3532 eo
625 3461 847 3556 inpetrarunt
881 3459 1100 3552 mandatum,
1146 3485 1191 3541 ne
1216 3461 1302 3560 ipsis
1328 3462 1396 3538 ali·

180 3557 241 3633 uid
276 3546 454 3628 molestiae
489 3552 566 3628 infli
594 3573 723 3631 eretur.
810 3581 856 3631 uo
886 3555 1163 3644 nonobstante,
1203 3559 1394 3634 Errarchua

147 3578 256 3733 >diuise
282 3648 325 3724 ad
350 3643 540 3759 Gradumi
582 3655 671 3727 ulam
702 3651 794 3747 adpu
810 3653 864 3745 sa,
913 3654 1086 3730 Severum
1107 3650 1386 3751 Metropolitant

151 3745 270 3845 cepit,
303 3765 402 3820 varie
424 3745 593 3836 vexavit,
637 3768 675 3823 et
698 3750 906 3823 Ravennam
932 3749 1099 3839 abduxit,
1139 3750 1233 3824 siniul
1254 3767 1324 3818 coe
1353 3744 1391 3822 it

151 3844 196 3927 id
220 3840 289 3915 tria
314 3838 467 3936 capitula
484 3840 690 3923 damnanda.
741 3844 849 3945 Quod
868 3843 954 3922 fecit
971 3846 1298 3960 coram'Jolranne,
1317 3767 1393 3916 ir·

51 3986 56 3995 ·
148 3930 382 4035 chiepiscopo
406 3931 625 4028 Ravennae,
659 3960 833 4016 unacum
860 3940 936 4015 aliis
959 3941 990 4015 E
1016 3938 1163 4042 iscopis,
1205 3939 1270 4041 qui
1297 3960 1387 4015 cum

147 4035 227 4138 ipso
250 4047 349 4107 erant
374 4029 521 4109 abducti.
570 4034 639 4110 Sed
667 4059 748 4112 cuni
781 4036 825 4111 ad
848 4033 948 4112 sedes
981 3965 1056 4129 suas
1089 4038 1203 4113 essent
1229 4035 1386 4129 reversi,

143 4131 256 4255 liiii
275 4123 437 4211 <imbui
459 4127 602 4231 tanqua
626 4133 853 4241 vitarentur,
889 4133 940 4216 ita
964 4152 1027 4237 ut,
1058 4132 1125 4216 nifi
1149 4134 1194 4214 de
1221 4130 1391 4307 W&

190 4250 194 4258 '
675 4254 694 4271 ·’
730 4246 776 4291 ’·-
803 4278 809 4287 ·
832 4258 843 4267 ··
1261 4252 1342 4328 capi
1385 4267 1403 4288 ·
