3074 4838
162 683 241 759 m
553 653 706 756 ffifloric,
727 655 1002 759 Ecclefi·.=,Clrrist.

165 845 275 919 eciam
298 833 605 934 Eutychianoruru
624 836 816 927 couoffio,
840 860 887 913 on
909 860 1036 915 eorum
1060 836 1158 913 libro
1178 853 1405 933 coamens.

167 939 288 1013 cilium
320 933 608 1010 chalcedonense
632 952 821 1029 excerpta,
862 936 957 1033 apud
977 932 1155 1030 Vigisium
1192 934 1351 1033 Tapleus
1381 934 1385 945 '

165 1054 293 1117 contra
319 1028 510 1126 Eutychen
534 1028 561 1102 l.
586 1029 656 1106 lV.
681 1052 714 1104 c.
743 1041 822 1123 18„
846 1053 950 1128 quam
973 1028 1047 1126 ipse
1072 1031 1234 1129 Vigilius
1258 1028 1329 1105 ene
1344 1055 1402 1107 or·

168 1131 367 1204 thodoxam
399 1123 615 1217 confitetur,
656 1124 742 1200 licet
774 1127 809 1201 ei
840 1149 915 1201 non
948 1129 1130 1202 inhaerere
1162 1127 1403 1225 Eutychianos

166 1227 256 1299 mule
285 1224 465 1320 opinetur.
497 1222 588 1295 Ecce
613 1223 743 1312 dicitis,
780 1221 896 1320 inquit
922 1220 1097 1320 Vigilius,
1131 1224 1251 1297 verbis
1278 1246 1400 1303 eorum

87 1390 90 1394 .
165 1319 344 1398 recitatis,
373 1317 515 1391 Verbum
538 1319 827 1393 inconvertibiliter
849 1322 1071 1409 incarnatum,
1097 1336 1128 1393 er
1151 1316 1395 1415 luminemfcc·

166 1434 254 1503 roro,
297 1417 410 1489 dicitis
436 1419 569 1502 uerbum
594 1419 688 1490 carni
712 1419 859 1505 unicum,
897 1416 1006 1488 licitis
1040 1413 1208 1511 inconfuse
1238 1417 1394 1498 hominene

155 1512 309 1610 folium,
333 1514 445 1585 dicitis
462 1510 593 1583 eundem
609 1511 765 1585 lrominern
783 1509 887 1601 strnul
901 1529 933 1583 et
951 1511 1077 1600 Deum,
1100 1515 1256 1585 lrorrinrrn
1268 1514 1395 1608 quidone

87 1646 89 1650 ·
160 1626 291 1708 propter
316 1607 396 1705 quod
416 1629 458 1679 erc
482 1607 570 1676 nobis
595 1604 641 1701 est
664 1631 742 1680 uero
765 1610 971 1694 incarnatio,
998 1609 1103 1681 Deum
1127 1625 1240 1681 autem
1260 1611 1394 1685 eundem

160 1723 293 1802 proprer
314 1704 412 1800 qood,
437 1717 469 1772 ec
490 1696 562 1795 post
588 1704 862 1792 incarnacionem,
890 1708 1093 1779 inmutabilis
1112 1699 1295 1798 permonfic
1319 1709 1392 1801 ejus

165 1825 210 1877 en.
239 1801 317 1873 Duo.
337 1802 439 1873 l’otre
469 1812 600 1875 notura.
648 1798 709 1872 Sic
733 1817 770 1870 et
800 1801 981 1895 Jacobitae
1004 1800 1105 1896 Syri,
1147 1800 1390 1898 Eutychiano-

163 1919 241 1969 rnm
266 1917 447 1990 propago,
481 1917 579 1966 unam
602 1892 662 1989 effe
691 1898 725 1966 in
754 1893 875 1992 Christo
904 1913 1055 1968 naturam
1078 1895 1245 1969 dixerunt
1270 1919 1314 1968 ec
1338 1897 1387 1969 di·

162 1995 303 2067 rirn‘rare
322 2008 355 2062 et
382 1991 585 2064 lrumcnirute
611 1989 834 2088 compostum,
869 1988 1079 2084 conrurstonir
1106 2013 1246 2081 tamen,
1273 1988 1384 2084 confu-

154 2086 258 2184 fionis
276 2103 307 2160 ec
324 2087 546 2183 commistionis
571 2107 752 2182 expertem,
779 2086 871 2181 apud
891 2086 1065 2161 Asseman.
1091 2084 1162 2162 disi
1192 2084 1237 2161 de
1253 2088 1387 2162 Mono-

189 2183 312 2279 hysrtis
335 2185 371 2257 in
398 2185 484 2257 Bibl.
510 2180 652 2256 Orient.
679 2203 765 2256 torn.
792 2183 841 2254 ss.
894 2182 1106 2256 Conferatur
1129 2206 1270 2280 quoque
1299 2205 1386 2258 con·

93 2353 105 2367 ,
160 2209 387 2368 senonen,
415 2281 458 2353 ab
478 2276 641 2371 ignatio,
666 2275 904 2376 Jacobitarum
923 2279 1142 2355 Patriarcha.
1173 2280 1287 2353 oblata
1305 2279 1386 2354 Sec.

161 2378 266 2452 XIII.
293 2373 510 2448 innocentio
536 2374 648 2462 lVro,
684 2376 774 2471 apud
812 2372 961 2446 eundem
994 2373 1081 2453 Dill.
1108 2373 1174 2447 ΙΙΙ.
1207 2373 1252 2446 de
1287 2374 1385 2448 Serie

159 2473 428 2553 Parriurclrorurn
457 2469 714 2563 Jocohitarum,
746 2467 790 2543 ad
823 2470 953 2542 calcem
979 2467 1149 2543 Chronici
1175 2468 1385 2560 Orientalis‚

187 2624 196 2642 .
223 2589 420 2655 202.„uec
436 2588 509 2636 non
526 2567 621 2658 quod
642 2568 741 2640 Idem
757 2562 843 2638 Bibl.
871 2562 1008 2639 Orient.
1036 2584 1061 2638 t.
1088 2565 1133 2639 11.
1158 2589 1194 2661 p.
1224 2589 1305 2660 297.
1331 2586 1375 2638 ex

157 2592 375 2741 Errhebraeo
391 2659 524 2745 adfert,
552 2679 590 2731 et
613 2660 660 2735 ib.
689 2680 714 2737 t.
739 2660 785 2732 ls.
812 2681 847 2755 p.
878 2683 957 2753 117.
983 2684 1028 2735 ex
1048 2659 1243 2758 Dionysio,
1268 2658 1376 2735 Patri·

158 2758 262 2834 archa
284 2752 643 2855 Syro-Jacobitarunr.
692 2780 729 2848 4.
753 2755 996 2852 Eutychianos
1021 2775 1177 2830 naturum
1196 2757 1380 2833 humanam

157 2850 306 2931 noluisse
329 2851 549 2946 absorptam,
577 2870 616 2924 et
634 2851 719 2927 inde
739 2850 876 2947 liquet,
918 2853 1011 2946 quod
1036 2851 1194 2927 divinam
1227 2874 1381 2929 naturam

17 2968 21 2981 ¹
156 2950 286 3035 diserte
319 2964 451 3042 negent
476 2945 626 3042 passam,
652 2967 789 3022 tantum
812 2947 1018 3038 compassam
1042 2947 1179 3036 dicant,
1206 2969 1245 3023 ut
1270 2949 1381 3024 anima

156 3046 264 3123 stntit
300 3044 435 3118 dolores
467 3043 635 3139 corporis.
685 3044 769 3121 Vid.
810 3041 985 3119 Eranistes
1025 3045 1118 3138 apud
1157 3045 1380 3119 Theodoret.

156 3143 237 3219 dial.
264 3142 327 3217 111.
362 3165 397 3239 p.
426 3159 506 3229 145.
565 3138 737 3238 Denique
772 3160 806 3228 5.
840 3138 982 3212 modum
1015 3139 1199 3236 loquendi,
1240 3161 1278 3215 et
1309 3160 1381 3213 non

95 3293 97 3297 ,
155 3237 393 3313 diversitatem
419 3235 521 3325 fidei,
549 3237 613 3311 hou
639 3236 810 3331 peperisse
834 3254 970 3323 motus,
995 3234 1089 3309 haud
1116 3235 1263 3311 obscure
1289 3234 1378 3309 indi·

154 3354 214 3419 eat
244 3332 414 3421 Euagrius
440 3331 488 3403 H.
515 3335 561 3409 Il:
587 3353 621 3421 5.
671 3329 847 3407 Catholici
875 3332 1159 3423 contendebant,
1205 3331 1379 3407 Christum

155 3429 227 3508 dici
257 3423 557 3521 erisophoram
588 3429 712 3500 duobus
745 3430 893 3512 naturis,
934 3427 993 3500 sed
1020 3426 1234 3525 Eutychiani
1274 3440 1307 3503 lu
1329 3424 1382 3503 ah

157 3529 275 3626 (pisteuo
297 3548 339 3599 ec
363 3527 490 3597 duabus
513 3526 663 3612 notaris,
699 3545 772 3595 non
801 3526 834 3593 in
862 3522 998 3596 duobus.
1048 3521 1149 3620 Quae
1174 3526 1293 3616 reapse
1322 3549 1382 3597 eo·

153 3630 232 3703 dem
256 3623 423 3699 redeunt:
456 3619 515 3713 qui
544 3618 640 3693 enim
666 3643 707 3692 erc
728 3619 852 3693 duabus
881 3617 1028 3708 dicunt,
1059 3619 1142 3695 duas
1165 3619 1203 3694 in
1232 3618 1377 3693 Christo

152 3723 222 3798 esse
250 3740 390 3795 naturae·
410 3713 585 3803 fatentur,
626 3713 684 3786 sed
710 3737 790 3787 cum
814 3713 938 3787 unitae
967 3715 1032 3788 srnt
1058 3714 1095 3791 in
1126 3737 1224 3789 unam
1256 3717 1382 3809 perso·

152 3842 251 3907 narn,
283 3813 486 3889 recusabant
511 3810 630 3885 dicere
645 3811 726 3884 luas
751 3829 908 3900 naturas,
934 3831 1024 3885 voce
1040 3836 1108 3909 pro
1123 3808 1271 3907 persona
1282 3813 1384 3902 ‚sum-

54 3954 58 3961 .
146 3936 416 4191 Belslshls.
450 4002 729 4113 Eutychenhac
754 4001 894 4078 ratione
929 4002 1170 4133 excusandurn
1202 4004 1274 4083 effe
1302 4023 1370 4116 non

205 4125 270 4188 unt
303 4100 389 4182 vin
420 4099 556 4196 nont,
590 4123 651 4200 qur
676 4097 851 4180 statuunt:
887 4117 943 4179 utr
970 4099 1193 4202 Vasquezrua
1215 4102 1256 4187 ad
1280 4115 1387 4276 'eratin
