3074 4838
145 647 234 726 504·
540 606 845 711 ffiflotin'Etrles.
869 605 985 710 clariss.

50 856 53 861 -
146 797 314 887 homine,
359 792 413 870 nti
435 791 472 866 in
495 791 596 890 epist.
625 795 699 889 pria
724 788 847 887 Cyrilli
872 791 916 867 ad
943 787 1151 867 Nestorium
1181 789 1279 892 'apud
1300 791 1397 869 nr...

152 900 248 979 rium
273 895 428 969 Mercat.
456 913 492 986 p.
519 911 580 983 72,
608 912 691 984 73„
715 889 824 962 multa
849 886 893 961 ad
912 911 1034 964 manus
1050 891 1154 980 sunt,
1179 887 1381 987 quaearsli·

154 1016 254 1071 orem
282 987 480 1062 unitionem
501 1008 546 1058 ert
572 1003 694 1058 mente
720 980 881 1058 Nestorii
906 983 1098 1074 evincunt,
1134 986 1228 1061 adeo
1256 1005 1296 1061 ut
1318 987 1383 1062 hae

155 1083 396 1167 similitudines
424 1103 497 1154 non
514 1079 578 1155 srnt
604 1080 705 1154 nimis
729 1077 945 1177 premendae
963 1101 1087 1157 contra
1112 1081 1190 1178 ejut
1211 1101 1383 1159 mentem.

26 1252 38 1261 .
158 1181 293 1260 Statuit
313 1181 409 1252 enirn
434 1200 467 1252 o.
492 1174 801 1273 inperceptibilem
831 1173 902 1251 else
933 1177 1157 1268 unitionem,
1199 1198 1243 1254 ut
1277 1181 1382 1253 modo

157 1274 355 1355 observavi.
397 1279 430 1350 b.
470 1271 601 1347 diserte
639 1271 828 1361 adfirmat,
876 1271 979 1348 aliam
1012 1292 1052 1349 et
1083 1272 1280 1351 ariliorem
1313 1271 1391 1350 esse

158 1374 348 1451 unionem:
391 1367 446 1442 uti
470 1365 551 1464 ipsis
576 1367 695 1443 verbis
728 1366 941 1442 Theodorus
962 1369 1158 1468 Mopsuell„
1190 1371 1287 1469 apud
1316 1372 1385 1445 Le·
1411 1387 1415 1393 ’

158 1468 316 1558 nntium,
342 1470 379 1540 in
407 1461 531 1562 Christo
553 1480 663 1538 tamen
689 1489 750 1537 non
767 1462 819 1557 stc
843 1463 1117 1561 dicimtsfasiam
1134 1464 1196 1563 effe
1215 1469 1386 1542 inhabita·

159 1568 303 1656 tionem,
334 1561 466 1636 scilicet
497 1559 585 1633 srcut
620 1559 658 1633 in
688 1559 879 1656 Prophetis
902 1581 941 1634 et
968 1561 1167 1656 Apostoiis,
1197 1582 1276 1640 etc.
1306 1564 1382 1640 vid.

158 1663 267 1738 etiam
298 1656 391 1753 apud
431 1655 590 1729 Marium
619 1655 775 1732 Mercat.
810 1680 846 1751 p.
881 1663 964 1751 263.
1013 1656 1137 1760 Quid?
1177 1660 1277 1758 quod
1307 1659 1385 1758 ipse

162 1756 313 1854 cyrillus
337 1750 429 1849 apud
450 1752 639 1833 Baletium
653 1747 809 1849 innova
832 1749 972 1829 collect
1003 1776 1044 1850 p.·
1075 1776 1158 1850 377.
1191 1755 1383 1852 agnoscat,

160 1848 368 1932 Nestorium
391 1844 577 1922 admittere
608 1849 734 1948 μέιζοια
763 1847 930 1942 rudperti
960 1849 1129 1945 majorem
1161 1851 1385 1948 conjunctio.

162 1971 266 2035 nem,
290 1965 397 2042 quam
423 1941 570 2040 Spiritus
593 1946 628 2020 S.
663 1954 744 2020 curn
762 1945 963 2056 Prophetis.
985 1976 992 1989 ’
1011 1969 1041 2023 ι.
1066 1947 1169 2048 Quae
1197 1948 1308 2023 modo
1337 1946 1382 2025 de

164 2061 287 2121 natura
312 2040 482 2131 unionis,
506 2059 543 2113 et
567 2041 816 2115 communione
843 2042 1077 2134 idiomatum,
1110 2065 1157 2118 ex
1184 2042 1387 2136 Nestori'o,

161 2133 707 2313 {lllls0ss.³·l.lrll2l
730 2137 1383 2312 lillarallllllsslffl‘’

166 2374 173 2411 ι
210 2259 362 2433 §.peili
394 2254 606 2426 7.gTerrium
630 2325 894 2404 fundamentum
920 2332 1079 2424 vulgatae
1102 2330 1287 2427 opinionis
1308 2329 1386 2426 est,

160 2428 255 2529 quod
277 2426 444 2503 unionem
467 2431 543 2504 aas·
564 2429 705 2505 salsam
731 2425 904 2516 strumum
917 2423 1140 2521 substantium
1165 2430 1387 2507 recusaverit

163 2523 354 2603 admittere
379 2520 587 2606 Nestorius,
625 2546 693 2596 nec
717 2523 872 2600 Mariam
901 2523 1077 2596 censuerit
1098 2522 1287 2602 dicendam
1309 2533 1382 2607 θην

159 2620 241 2699 eleos
263 2618 463 2710 Deiparam,
486 2635 546 2691 aut
570 2619 688 2690 Deum
713 2635 834 2692 natum
856 2635 895 2688 et
916 2613 1059 2714 passum.
1110 2619 1181 2693 Sed
1209 2645 1243 2696 r.
1269 2613 1383 2701 metut'

162 2710 433 2792 commixtionis
466 2730 667 2787 naturarum
697 2711 736 2786 in
768 2710 909 2787 Christo
940 2737 1023 2787 eum
1053 2715 1096 2789 ab
1130 2714 1187 2789 his
1229 2720 1379 2796 vocibus

158 2809 365 2899 absterruit3
404 2824 443 2884 ut
466 2830 512 2884 ex
545 2807 782 2906 superioribus
810 2827 929 2906 patet,
973 2831 1007 2892 a.
1033 2832 1105 2885 uon
1131 2810 1197 2887 nili
1220 2813 1380 2892 restricte

158 2907 217 2987 iis·
239 2901 452 2988 contradixit
476 2903 654 3002 phrasibus
684 2924 723 2979 et
746 2903 868 2987 titulis.
923 2905 1076 2980 Mariam
1105 2905 1274 3004 adpellari
1304 2917 1384 2995 um,

158 3009 247 3084 edm
279 3004 458 3096 Deiparum
493 3000 654 3099 permisit
681 3023 829 3100 propter
854 2999 1112 3097 simpliciores,
1152 3023 1192 3077 et
1222 3025 1263 3080 ut
1299 3005 1379 3104 paci

158 3101 375 3189 consulatur,
401 3096 492 3195 apud
524 3100 681 3174 Marium
706 3100 860 3175 Mercat.
887 3121 923 3194 p.
952 3119 1012 3191 30,
1032 3105 1092 3189 80,
1113 3105 1173 3190 86,
1193 3100 1379 3180 huminem

157 3221 302 3373 {ills
323 3192 986 3385 {illsllllls‘ssrlllslllll
1008 3195 1271 3367 ifflsnclmim
1294 3201 1383 3375 iss

287 3345 298 3379 9
1064 3367 1067 3371 ·
1277 3376 1280 3380 .

157 3384 320 3493 peperit,
345 3382 496 3463 unitum.
545 3386 633 3463 vid.
656 3380 819 3458 Nestorii
841 3383 947 3483 epist.
964 3344 1016 3459 'ad
1040 3348 1243 3466 eunuchuni
1267 3320 1373 3493 inpe-

156 3482 286 3566 ratoris
319 3478 359 3553 in
389 3478 570 3575 synodico
601 3499 667 3565 etc.
702 3478 795 3575 apud
831 3480 1006 3556 Baluzium
1042 3483 1176 3560 collect.
1209 3507 1295 3564 nov.
1337 3515 1376 3586 p.

158 3590 241 3679 706.
267 3573 480 3655 Theodorus
505 3576 595 3672 apud
613 3574 804 3653 Leontium
824 3578 869 3651 de
891 3575 1035 3674 Nestorii
1068 3584 1224 3674 inpietate
1242 3581 1382 3678 secreto

158 3681 305 3764 tradita,
339 3676 392 3749 ets·
408 3667 595 3747 Nestorius
629 3671 668 3746 in
696 3673 837 3770 Sylloge
859 3675 964 3771 Lupi.
1014 3673 1098 3772 on
1123 3696 1238 3753 autem
1270 3677 1386 3759 sensu.-

158 3798 234 3852 vox
254 3774 405 3867 Dilpara
424 3788 469 3840 err
493 3786 614 3842 mente
634 3765 797 3843 Nestorii
812 3770 954 3857 admitti
969 3772 1094 3867 polilt,
1126 3792 1163 3846 et
1178 3792 1248 3868 quo
1273 3797 1377 3870 non,

157 3870 345 3965 exponitur
381 3866 419 3940 in
452 3860 553 3959 epist.
592 3864 785 3939 Alexandri
800 3865 842 3940 ad
868 3866 1141 3951 Theodoretunr
1167 3870 1293 3965 93tia,
1338 3879 1376 3950 ln

152 3967 307 4066 Synodion
323 3954 445 4041 'citato
498 3958 729 4041 Orientalium
755 3960 972 4053 dostrinam,
1006 3962 1182 4039 divisrone
1206 3969 1372 4062 persona·

151 4090 271 4161 nutu,¹
293 4081 332 4141 et
358 4055 563 4165 consulque
581 4077 810 4155 naturuum,
844 4055 974 4153 vitata..
1009 4061 1387 4162 capessentem

159 4196 272 4244 &tall
663 4228 673 4241 .
718 4226 726 4241 .
788 4187 795 4239 ἕ
1307 4175 1382 4252 fetq
