3074 4838
162 652 239 735 216
552 637 995 741 Historlmlsttlessclrisl.
1132 669 1133 675 ¹

167 825 269 917 hibet
294 814 446 920 Gregor.
477 821 690 912 Thaumas,
723 816 803 919 qui,
836 821 923 897 ficut
948 817 1241 918 praecedentibus
1264 818 1388 921 statio

168 919 304 997 nemin
323 920 532 1008 Narthece,
556 916 609 990 ita
624 918 679 991 his
703 917 741 991 in
765 919 869 1008 navi,
896 917 1070 992 Ecclesrae
1085 917 1250 1017 adsignat.
1303 920 1391 1022 Quo

166 1018 308 1105 officio,
335 1015 428 1113 quod
447 1013 580 1111 septem
597 1014 783 1111 aliquando
807 1014 876 1088 fuit
901 1038 1091 1108 annorum,
1115 1015 1185 1089 rite
1202 1014 1388 1110 defuncti,

165 1117 209 1199 ad
227 1111 509 1186 communionem
528 1109 671 1207 quidem
696 1108 989 1200 admittebantur,
1012 1108 1070 1183 sed
1091 1111 1161 1185 stne
1180 1110 1385 1206 oblatione,

164 1229 337 1307 quatenus
361 1228 440 1281 cum
462 1207 622 1281 fidelibus
645 1204 715 1278 sese
743 1207 779 1278 in
802 1205 964 1302 precibus
992 1205 1207 1303 jungebant,
1252 1210 1387 1283 eucha-

164 1302 295 1391 ristiam
323 1294 485 1393 videntes
511 1301 675 1398 quidem,
707 1301 863 1375 sednon
888 1299 1150 1398 participantes.
1199 1304 1289 1376 Cum
1313 1302 1384 1379 ita·

164 1425 240 1498 que
274 1400 419 1490 licentia
451 1395 638 1491 confidendi
673 1420 753 1470 cum
791 1395 951 1487 fidelibus
990 1398 1213 1492 gaudebant,
1258 1421 1385 1477 coram

166 1495 296 1587 altari,
336 1496 499 1591 adpellati
537 1495 617 1568 sunt
648 1489 851 1588 συνιςρῖμενοι,
876 1493 1020 1585 euttstilts
1042 1492 1252 1589 conſsstemet'.
1310 1494 1388 1596 Qui

164 1593 273 1669 status
308 1591 395 1664 duos
426 1590 541 1684 paliim
566 1589 709 1663 durabat
745 1613 883 1679 annos,
927 1592 1011 1662 licet
1034 1592 1217 1686 aliquando
1241 1591 1384 1686 plures,

164 1687 327 1786 usquead
351 1686 487 1759 decern.
539 1683 610 1784 Qui
637 1699 770 1780 quartus
796 1685 864 1759 fuit
890 1685 1034 1783 gradus,
1059 1707 1097 1758 et
1122 1684 1270 1760 ultimus.
1306 1686 1386 1760 Ad·

162 1786 256 1860 dunt
282 1781 423 1878 quidem
446 1781 552 1878 aliqui
577 1781 758 1876 quintum,
784 1806 887 1877 quern
904 1787 1029 1877 pssum
1052 1782 1252 1876 inpletr'mem
1271 1802 1386 1858 vocat

163 1879 358 1954 Bellarmin.
388 1878 433 1950 de
463 1874 686 1972 poenitentia
713 1883 1034 1968 communicantium,
1077 1880 1171 1950 Cave
1190 1879 1233 1960 ¹in
1258 1875 1384 1952 Primo

165 1973 290 2051 christ.
317 1974 338 2046 1.
366 1974 417 2061 l.,
444 1973 508 2065 ,sed
530 1972 575 2045 de
600 1996 669 2069 quo
694 1972 794 2047 sulent
822 1975 995 2064 Veteres,
1035 1995 1103 2046 nec
1126 1995 1237 2045 novus
1259 1969 1383 2067 potest

164 2069 307 2147 admitti
332 2070 478 2166 gradus,
511 2090 592 2159 curn
624 2068 679 2142 vel
712 2087 875 2164 tempore
902 2065 1145 2166 poenitentiae
1169 2067 1269 2140 finito
1295 2075 1396 2144 mox'

163 2169 207 2242 ad
222 2164 465 2240 eucharistiam
492 2161 769 2237 admittebantur
795 2165 1015 2254 sumendam,
1041 2166 1118 2255 vel,
1145 2161 1300 2236 stadhue
1317 2163 1383 2237 du·

163 2266 285 2350 rabat,
313 2258 540 2336 consistentes
563 2279 680 2348 erant,
715 2260 774 2354 qui
798 2261 1098 2333 communicabant
1121 2258 1282 2355 quidem,
1319 2256 1385 2336 sed

74 2415 78 2423 f
162 2382 238 2447 pon
262 2358 387 2455 plene,
430 2373 471 2428 ut
496 2351 663 2451 exposui,
699 2354 792 2452 quod
818 2355 843 2429 ll
863 2356 968 2431 leuem
992 2355 1139 2453 adpellat
1161 2376 1274 2429 canon
1303 2353 1386 2431 Au·

162 2477 320 2534 cranus.
629 2522 634 2533 ,

157 2484 242 2649 'ys
268 2551 372 2624 CCII.
413 2548 537 2648 Quoad
570 2548 712 2622 hobitum
742 2564 773 2619 et
803 2546 912 2644 officia
942 2538 1201 2646 poenitentiae,
1239 2543 1283 2619 de
1306 2568 1383 2644 quo

154 2645 451 2738 nuncagendum
476 2641 547 2731 est,
581 2643 714 2732 cilicio,
740 2644 793 2716 vel
816 2648 934 2736 sacco,
967 2641 1100 2732 induti,
1141 2643 1256 2718 tinere
1272 2642 1385 2740 capiti

93 2814 99 2845 η
160 2739 336 2836 insperso,
356 2738 525 2835 capitibus
542 2737 637 2827 rasis,
666 2739 739 2829 vel,
766 2737 979 2816 srsoeminae
994 2739 1119 2820 client.
1144 2736 1386 2841 crinibuspag·

156 2836 223 2927 sss,
248 2852 285 2907 et
309 2857 370 2931 per
393 2836 571 2908 humerum
597 2833 731 2931 sparsis,
760 2855 818 2910 aut
841 2840 954 2934 capite
980 2835 1114 2921 celato,
1138 2833 1174 2908 in
1199 2832 1383 2931 publicum

155 2931 367 3032 prodibant,
403 2930 443 3001 ad
469 2952 660 3002 moerorem·
684 2951 719 3003 et
741 2931 870 3006 lustum
896 2929 1176 3027 exprimendum,
1210 2930 1381 3026 Cyprian.

154 3025 350 3120 ,de-lapsts,
387 3023 468 3098 Eus.
495 3026 545 3099 V:
580 3035 635 3106 28.
661 3045 695 3098 et
720 3027 877 3115 Ambros.
909 3031 950 3101 ad
976 3029 1133 3119 uirginem
1154 3025 1300 3122 lapsam:
1335 3029 1381 3104 ab

153 3126 318 3199 omnibus
348 3144 452 3218 porro
486 3120 762 3200 obleslationibus
786 3124 906 3213 licitis,
939 3144 977 3195 ut
1001 3120 1244 3212 lavationibus,
1286 3145 1378 3199 con·

152 3220 284 3317 ,viviis,
310 3217 370 3292 usu
395 3217 566 3313 conjugii,
591 3217 822 3309 abstinebant,
848 3217 984 3292 Pacian.
1012 3215 1180 3314 paraenes.
1205 3216 1248 3289 ad
1260 3223 1378 3314 pomi·

155 3319 321 3409 tentiam,
347 3311 505 3385 Ambros.
534 3312 576 3386 de
595 3320 792 3410 poenitentia
821 3316 842 3388 Ι.
867 3315 914 3403 ΙΙ.
938 3313 1074 3410 seseque
1095 3311 1231 3409 jejuniis
1247 3333 1283 3386 et
1298 3316 1371 3388 luc·

164 3412 216 3484 tui
241 3410 361 3482 dabant
385 3408 472 3497 toti,
507 3408 649 3484 Tertull.
681 3408 725 3480 de
746 3407 902 3504 poenit,
927 3428 962 3483 et
990 3407 1150 3519 cyprian.
1176 3410 1220 3490 de
1242 3405 1373 3507 Laplis.

159 3506 261 3582 Unde
286 3502 414 3577 factum
429 3501 498 3592 est,
523 3522 560 3575 ut
582 3502 717 3601 postea,
743 3524 826 3598 pane
850 3523 881 3577 et
900 3531 985 3599 aqua
1011 3525 1085 3596 uu,
1111 3503 1216 3587 fuerit
1237 3528 1376 3602 poenae

156 3605 234 3677 loco
256 3599 467 3697 injuntlum:
502 3597 587 3672 srcut
608 3599 698 3672 inter
719 3597 815 3692 ipsos·
831 3600 1056 3674 Protestantes
1085 3623 1221 3767 qsuoque
1243 3602 1376 3678 retine·

151 3718 212 3774 ¹tur
229 3719 264 3794 op
292 3715 392 3772 mater
414 3719 458 3769 en
482 3697 597 3782 hr00d3
638 3693 732 3790 quod
766 3693 1000 3792 poenitentiae
1029 3695 1252 3792 compedium
1273 3695 1373 3801 sert,

152 3816 189 3870 et
215 3795 294 3871 hinc
319 3812 434 3867 natum
456 3786 517 3864 est.
566 3791 751 3862 Debebunt
781 3814 917 3888 quoque
951 3790 1106 3866 omnibus
1134 3790 1299 3888 jejuniis,
1329 3811 1369 3868 et

157 3892 347 3969 solennibus
361 3888 496 3971 diebus,
512 3883 674 3959 -intereffe
689 3886 859 3964 Ecclesrae
868 3942 880 3978 ,
908 3884 1058 3978 etflexis
1071 3891 1229 3983 genubus
1240 3890 1375 3984 orare,

148 3985 385 4079 eleemosynas
409 3980 550 4075 largiter
574 3979 673 4068 dare,
711 4001 746 4055 et
771 3984 937 4056 nonnullis
969 3982 1003 4056 in
1030 3984 1188 4058 Ecclesris
1211 4004 1373 4063 mortuo·

150 4110 229 4164 rum
254 4077 446 4174 sepulturae¹
467 4095 587 4178 manus
609 4074 783 4171 adbibere,
818 4077 867 4153 uti
891 4076 930 4172 in
952 4076 1144 4176 Africanis,
1178 4079 1374 4179 secundum

1216 4197 1374 4261 canones
