3008 4830
127 688 203 783 50⁶
520 660 831 763 ffifiorio'liccsesi
848 660 963 757 aurp.
1114 622 1119 627 Π

135 864 170 937 C
194 856 290 933 tilius
316 847 471 927 Mariam
495 841 565 919 esse
597 845 831 942 Demarato,
852 845 1125 921 Deum-natm
1150 858 1202 917 tet
1231 836 1367 939 prss'mu

185 980 228 1045 e,
252 948 417 1119 uniouezn
435 939 506 1083 effe
529 944 649 1113 perturbl
670 939 889 1056 essentialem,
919 946 995 1019 tre&
1015 943 1162 1111 ὁπιςιιέ
1189 939 1252 1013 seu
1275 946 1370 1111 Ἥ.

131 1048 318 1221 steht.
335 1040 386 1210 ss.
401 1038 576 1231 srvis.
592 1037 1300 1229 b.rhri:f”tr¹¹r,brh⁰mt.‘.,
1331 1148 1370 1205 ι

142 1174 413 1338 ξγιιιιιιιίὶιιιιιιι
429 1250 564 1305 erroret
580 1229 936 1329 comprehenderent.
967 1232 1056 1306 Vid.
1074 1229 1238 1305 Nestorii
1255 1225 1367 1324 Epist-

144 1346 190 1413 ιιι
211 1330 377 1428 Cyrirlum
410 1328 503 1437 apud
529 1330 686 1403 Marium
712 1328 887 1413 Mercat,
928 1346 965 1401 et
1000 1325 1293 1401 anathematismi
1322 1324 1366 1397 iir

27 1470 33 1479 -
145 1430 270 1530 Cyrihi
287 1422 452 1521 oppofitr.
501 1424 688 1511 Urserunt,
713 1424 831 1497 Deum
855 1444 928 1496 non
947 1419 1043 1515 posse
1068 1423 1183 1513 nasci,
1209 1440 1276 1497 aut
1298 1415 1372 1517 ptri

147 1548 219 1605 etc.
272 1523 330 1597 Ab
347 1523 453 1595 altera
478 1540 577 1614 parte
601 1519 748 1687 Cgriliur
772 1536 896 1593 contra
918 1516 1125 1593 Nestorium
1149 1517 1371 1614 disputavit,

149 1622 220 1701 ucri
243 1640 354 1694 vocer
384 1636 421 1690 et
444 1614 583 1710 phrases
655 1613 784 1704 solute,
817 1636 946 1709 prout
973 1614 1115 1709 jacent,
1148 1614 1373 1711 intelligeret

148 1739 189 1797 et
219 1737 341 1790 veram
366 1730 512 1806 negaret
539 1708 762 1795 unitionem,
797 1708 1141 1879 ipsasquepersonas
1166 1710 1375 1798 divideret,

152 1832 246 1900 ern,
288 1806 345 1916 uti·
368 1807 475 1913 mutio
508 1804 665 1914 exposui.
715 1806 798 1905 on
854 1804 880 1880 st
912 1830 988 1901 qun
1021 1826 1187 1975 guaemt,
1235 1806 1372 1881 nihiine

151 1910 245 1989 reale
286 1904 370 1977 hurc
403 1901 633 1997 disputationi
668 1902 776 1978 suerit
818 1900 1009 1977 admixtum
1089 1923 1158 1998 pro
1201 1900 1371 1999 responso

151 2006 297 2086 habeat,
344 1996 419 2071 dici
460 1997 556 2073 sorte
589 1997 706 2095 posse,
747 1996 953 2073 Nestorium
983 1997 1130 2071 nimiam
1171 2016 1377 2077 naturarum

151 2096 362 2177 divifionem
397 2092 531 2183 ursrffe,
572 2113 611 2168 et
640 2094 808 2190 Cyrillum
841 2093 948 2167 nimir
971 2115 1085 2190 prope
1117 2092 1166 2168 ad
1194 2088 1374 2193 Synufias·

152 2218 206 2277 tar
223 2188 416 2278 adceffisse,
443 2213 515 2265 non
531 2187 597 2263 acsr
624 2212 750 2263 veram·
772 2188 903 2264 Christi
926 2189 1183 2265 humanitatem
1203 2212 1251 2265 ex
1274 2210 1375 2265 meu·

153 2314 193 2371 te
225 2310 264 2366 et
288 2310 440 2381 corpore
468 2309 539 2358 non
566 2285 750 2373 tenuisset,
791 2282 849 2359 scd
881 2285 1027 2359 nimiam
1056 2284 1258 2361 divinitatis
1289 2306 1373 2361 cum

155 2412 259 2465 carne
290 2382 648 2459 communicationem
674 2379 843 2455 statuerit.
896 2381 1038 2456 Censeri
1059 2380 1195 2477 posset,
1237 2379 1371 2456 Nesto·

153 2486 244 2561 rium
270 2479 551 2554 communionem
574 2478 798 2564 idiomatum,
831 2496 869 2551 ut
891 2477 1053 2572 adpellari
1078 2477 1186 2567 solet,
1218 2477 1374 2554 inminu-

155 2578 238 2666 iffe,
270 2598 372 2657 cum,
399 2575 515 2645 Deum
540 2573 608 2645 effe
633 2592 752 2644 natum
776 2590 812 2642 et
839 2572 968 2666 passum
995 2572 1065 2646 dici
1090 2574 1245 2666 debere,
1278 2576 1371 2649 nolu·

154 2676 246 2751 erit;
285 2672 320 2740 in
345 2667 504 2738 unitione
544 2666 639 2740 enirn
672 2666 813 2740 duarum
845 2688 1043 2743 naturarum
1078 2693 1145 2742 urta
1171 2694 1296 2745 earum
1317 2668 1372 2743 ad·

153 2764 275 2869 pellari
299 2760 437 2862 potest,
479 2760 582 2857 eique
606 2761 746 2836 alterius
774 2782 916 2837 naturae
947 2764 1184 2860 proprietates
1216 2766 1371 2840 adtribui

156 2882 310 2965 queunt,
337 2879 375 2932 ut
401 2859 439 2930 in
465 2855 598 2950 phrasr,
624 2857 733 2956 sermo
757 2883 830 2932 caro
844 2859 963 2954 fadus
989 2864 1055 2955 est,
1081 2862 1174 2934 Deus
1199 2861 1374 2958 acquifivr'r

25 2962 45 2993 ”
158 2958 338 3054 Etcseſsam
354 2953 418 3048 suo
439 2951 626 3050 sanguine,
670 2974 739 3032 etc.
773 2978 840 3030 nec
881 2977 996 3029 tamen
1028 2956 1201 3031 obstinate
1230 2978 1375 3033 contra·

157 3060 249 3139 dixit
274 3049 481 3141 Nestorius,
524 3069 562 3123 ut
596 3052 704 3126 modo
736 3051 942 3137 observavi,
984 3072 1021 3125 et
1053 3054 1256 3128 Orientaier
1285 3055 1372 3129 iilud

154 3150 367 3229 admiserunt
390 3148 481 3244 apud
507 3147 697 3245 Cyrillum,
722 3147 758 3222 in
785 3147 1021 3244 Apologetico
1047 3150 1156 3244 Oper.
1185 3169 1270 3225 tom.
1296 3152 1369 3225 vt.

185 3305 194 3321 .
233 3254 312 3335 169.
364 3246 433 3321 Sed
468 3246 617 3340 Cyrillus
649 3247 687 3320 in
726 3244 953 3332 idiomatum,
993 3266 1064 3317 non
1095 3244 1377 3339 communione,

154 3274 214 3424 fed
240 3339 582 3430 communicatione,
617 3342 772 3437 urgenda
795 3344 938 3413 modum
956 3339 1018 3413 vix
1035 3340 1179 3414 videtur
1198 3340 1373 3435 tenuisse,

156 3462 236 3523 cum
258 3435 428 3509 unionem
445 3435 535 3508 iliam
562 3434 819 3531 comparaverit
842 3459 922 3509 cum
935 3435 1034 3528 ferro
1056 3441 1171 3532 ignito,
1198 3455 1233 3510 rr
1258 3445 1371 3514 corit-

155 3563 216 3628 ιιι,
258 3552 381 3608 contra
414 3530 623 3607 Nestorium
653 3534 675 3606 l.
702 3533 748 3605 11.
774 3556 810 3627 p.
837 3554 893 3626 32.
925 3533 993 3606 IV.
1019 3558 1053 3626 p.
1083 3557 1164 3623 109.
1207 3559 1279 3610 nec
1304 3558 1379 3615 nnn

157 3638 271 3730 oper.
295 3648 381 3701 tom.
406 3628 456 3703 V.
483 3651 517 3721 p.
544 3630 571 3702 Ι.
597 3651 630 3719 p.
651 3634 723 3720 776
747 3645 784 3701 et
801 3637 883 3723 783.
908 3646 994 3723 etp.
1014 3630 1059 3703 ΙΙ.
1086 3656 1117 3724 p.
1141 3652 1247 3725 233„
1275 3658 1375 3730 prae·

156 3749 254 3807 terea
279 3746 419 3799 carnem
442 3722 569 3798 Christi
602 3723 778 3799 censuerit
805 3724 874 3799 effe
899 3726 1036 3822 ζωοπιιὸ
1057 3731 1181 3809 ἀληθῶς
1211 3739 1267 3805 ιιι
1298 3736 1378 3807 ιιι.

156 3832 235 3911 ὀπὶ
256 3833 293 3897 τῦ
314 3822 395 3918 λέγι
422 3840 494 3896 vert
518 3822 685 3915 vivificam
711 3838 742 3894 et
763 3824 925 3918 propriam
941 3821 1040 3918 ipflur
1065 3827 1174 3914 verbi,
1207 3826 1246 3900 in
1270 3828 1400 3925 epist·

156 3924 201 4004 ad
232 3917 459 4009 Nestorium,
495 3937 532 3990 et
560 3918 769 3994 anathemat.
795 3919 881 4007 XL,
923 3922 1012 4013 apud
1037 3921 1193 3994 Marium
1218 3925 1375 4000 Mercar.

159 4020 300 4102 sicet,
334 4036 462 4112 corpur
492 4012 619 4089 Christi
655 4013 731 4089 vim
760 4013 933 4106 accepisse
967 4015 1148 4092 vivificam
1180 4041 1246 4115 per
1270 4020 1370 4095 unio·

159 4140 240 4200 nem
262 4112 378 4204 illam,
418 4111 526 4193 tradit
547 4110 587 4188 iu
617 4133 746 4191 comm.
771 4111 816 4188 ad
840 4110 923 4206 Job.
947 4135 984 4209 p.
1009 4122 1095 4210 361,
1127 4123 1201 4211 376
1225 4137 1263 4194 et
1280 4120 1371 4191 σοι.

161 4274 171 4297 .
783 4276 786 4281 .
1330 4233 1381 4288 ne
