3008 4830
132 662 212 755 ιω
521 644 670 749 ristona
692 638 819 744 nates.
845 641 966 746 ciiii.

138 849 226 903 mox
249 846 337 903 cum.
353 821 517 923 Pelagio,
542 824 682 922 ejusque
706 822 869 913 adseclis,
902 823 1062 922 incepit,
1094 819 1134 899 in
1157 842 1234 920 ¹quo
1256 836 1318 917 aeq

13 972 26 987 f
139 914 302 1013 strenue,
326 942 369 995 ac
391 920 429 996 in
451 920 652 1018 superiore,
676 920 875 995 decertavit
900 920 1136 1018 Augustinus,
1170 940 1211 993 et
1235 918 1318 992 seim

142 1017 244 1093 nibus
267 1036 303 1089 et
327 1016 394 1089 scri
423 1015 480 1092 tis.
521 1014 716 1109 Caelestio,
756 1015 887 1111 Pelagii
911 1018 1101 1114 discipulo,
1140 1015 1303 1089 damnato

146 1111 300 1222 concilio
316 1042 521 1222 §arthagin
546 1136 577 1189 a.
601 1134 711 1222 41⁸2,
736 1112 971 1209 Augustinus,
1002 1136 1023 1188 a
1048 1113 1317 1204 Marcellino,q

146 1211 343 1287 collationis
368 1206 467 1283 istius
489 1207 693 1309 Carthagin.
720 1205 835 1281 fuerat
853 1211 1057 1283 moderator
1078 1209 1317 1302 supremui,e

148 1304 295 1394 citatus,
334 1302 442 1379 libros
468 1303 512 1378 de
532 1321 736 1399 peccatorum
764 1306 940 1378 meritrici
966 1301 1167 1401 remiffioirt,
1204 1303 1317 1398 seupr

149 1402 311 1475 italorum
336 1400 532 1497 baptismo,
564 1398 718 1496 scripsit,
758 1396 881 1497 absque
907 1420 947 1473 ut
972 1402 1170 1497 Pelagium,
1209 1418 1267 1473 aut
1287 1395 1317 1491 eji

148 1496 320 1586 adseclas,
352 1493 606 1569 nominaverit:
643 1490 735 1590 quod
759 1517 824 1569 nec
849 1495 937 1568 fecit
959 1498 1029 1571 alio
1055 1500 1095 1569 in
1118 1494 1230 1584 libro,
1267 1492 1317 1567 liii

153 1591 215 1667 diu
238 1588 321 1702 post
342 1588 498 1757 scripto,
532 1588 577 1662 de
610 1589 736 1697 Spiritu
768 1607 801 1662 et
826 1590 978 1682 Littera,
1017 1593 1054 1666 in
1086 1615 1158 1688 quo
1192 1591 1317 1664 interna

157 1706 306 1789 gratiam
328 1706 407 1758 auxi
420 1704 529 1758 tarem
551 1680 730 1773 defendit,
755 1704 813 1775 et,
837 1685 908 1759 sine
926 1711 967 1762 ea
989 1689 1105 1785 legem
1123 1684 1195 1760 else
1213 1685 1317 1759 littera

152 1782 396 1882 occidentem,
411 1778 550 1855 adserit.
591 1778 677 1854 Nec
692 1796 810 1854 tamen
825 1781 1266 1879 dissentientesadpellavit
1276 1781 1317 1855 liti

152 1879 304 1975 reticos,
329 1892 471 1966 contra,
502 1872 655 1949 fraterne
678 1873 748 1950 else
770 1876 987 1970 traflandot,
1020 1879 1228 1954 declaravit:
1257 1876 1317 1951 seru

150 1995 233 2066 294.
284 1968 408 2080 Quid?
446 1970 541 2070 quod
572 1970 750 2070 Pelagium
781 1972 954 2068 insipist.
984 1974 1136 2049 adeum
1163 1972 1317 2049 honoribi

149 2068 417 2164 compellaverit
442 2087 481 2140 et
503 2063 734 2143 traflaverit.¹
767 2062 854 2143 Vid.
879 2068 988 2167 Epist.
1016 2077 1097 2162 146.
1130 2080 1176 2144 et'
1193 2071 1237 2144 de
1255 2064 1316 2167 gell

147 2162 321 2259 Pelagine.
347 2184 379 2236 c.
405 2168 463 2239 28.
512 2161 619 2268 Cujuu
636 2158 848 2235 Christianae
872 2166 1151 2241 moderationisi
1180 2166 1249 2241 sum
1263 2158 1316 2263 pol

149 2278 193 2351 ea
217 2254 413 2354 poenituit,
437 2276 517 2329 cum
543 2250 702 2345 vidill‘et,
721 2253 897 2352 Pelagium
924 2260 1054 2336 faflum
1076 2261 1129 2336 fui
1158 2286 1179 2336 e
1202 2285 1264 2360 per
1280 2282 1316 2335 ea

148 2352 379 2431 audaciorem.
430 2352 570 2424 Interea
592 2373 672 2425 cuni
697 2351 879 2427 Honorius
904 2356 1150 2432 severissimum
1183 2357 1219 2432 in
1243 2359 1316 2437 Dou

148 2442 244 2526 sistat
270 2444 523 2547 'promulgasset
556 2446 729 2536 edietum,
769 2448 917 2522 mulfiae
941 2472 978 2525 et
1004 2453 1100 2526 exilii
1131 2477 1245 2549 poena
1273 2476 1314 2527 co

148 2544 290 2641 siituta,
316 2542 532 2640 Augustinus
556 2542 655 2635 epist.
682 2544 722 2614 ad
749 2566 808 2616 eos
835 2546 968 2642 scripsit
993 2574 1023 2623 a.
1047 2573 1155 2638 412„
1180 2573 1244 2646 qua
1263 2550 1315 2645 leg

146 2641 221 2719 illas
255 2640 419 2738 poenales
460 2635 649 2728 defendit,
690 2637 749 2709 sed
791 2661 933 2717 cruenta
969 2645 1133 2741 inprobat
1178 2642 1316 2743 supplici

147 2740 248 2828 Ima,
272 2759 354 2810 cum
378 2732 482 2842 aliqui
505 2754 627 2841 eorum
652 2732 903 2828 grassarentur,
932 2758 1093 2836 tanquam
1119 2743 1287 2831 latrones,

146 2830 323 2917 manifesti
346 2827 531 2903 homicidii
564 2827 774 2902 haberentur
804 2830 876 2920 rei,
918 2833 1107 2910 intercessit
1130 2838 1245 2911 adhuc
1266 2859 1316 2932 api

147 2926 417 3027 Marcellinum,
441 2926 485 2999 ne
507 2922 632 3017 capitis
654 2950 768 3022 poena
787 2925 867 3022 ipsis
883 2926 1117 3028 irrogaretur,
1143 2932 1253 3028 Epist.
1272 2955 1311 3027 13

150 3028 188 3121 ξι·
215 3033 293 3121 1'39.
343 3020 488 3118 Scripsit
517 3019 619 3095 etiam
655 3023 738 3096 tunc
770 3022 953 3099 tratiatum
978 3027 1022 3099 de
1036 3029 1105 3121 fide
1133 3044 1165 3100 et
1190 3030 1313 3123 operibu

148 3140 273 3215 contra
297 3138 378 3208 eos,
419 3117 478 3216 qui
492 3118 599 3211 solam
624 3122 790 3215 putabant
814 3119 969 3196 sufficere
1001 3124 1108 3196 fidem
1139 3125 1182 3198 ad
1212 3125 1315 3199 salute

148 3235 186 3311 et
207 3213 434 3303 baptismum,
472 3214 530 3288 sed
554 3233 590 3285 et
616 3238 753 3287 manuni
778 3213 957 3291 utilissimis
981 3217 1045 3291 illis
1077 3221 1173 3293 libris
1203 3223 1243 3296 dc
1270 3223 1315 3299 Ct'i

147 3327 217 3390 tate
239 3310 306 3382 Dei
333 3307 587 3382 conscribendis
609 3309 786 3393 admovit,
830 3310 939 3388 tribus
968 3314 1085 3410 primis
1113 3315 1210 3391 libris
1236 3321 1295 3393 vul

147 3409 216 3498 tis,
254 3405 377 3501 quibus
401 3400 519 3497 postca
552 3401 609 3475 alii
641 3401 717 3474 sunt
747 3403 875 3495 additi,
915 3412 1029 3485 donec
1053 3437 1083 3485 a.
1108 3421 1194 3501 4'26.
1221 3413 1315 3489 suerii

122 3500 300 3591 ,absoluti
347 3497 474 3592 Scripti
498 3498 577 3570 sunt
598 3516 721 3572 contra
746 3501 936 3591 Gentiles,²
959 3506 1017 3601 qui
1051 3506 1269 3585 Christianae
1300 3534 1315 3584 r

145 3596 273 3712 ligioni
296 3614 438 3688 accepta
464 3592 624 3698 serebant
641 3596 745 3682 mala,
770 3596 892 3692 quibus
918 3602 1052 3692 Roma,
1076 3628 1106 3678 a
1130 3627 1217 3695 410.
1242 3610 1315 3685 aG

145 3697 219 3771 this
234 3711 355 3790 capta,
380 3708 417 3761 et
433 3689 628 3761 Romanuin
644 3688 843 3793 lnperiuni,
877 3702 1110 3790 premebatur.
1163 3700 1240 3799 Qui
1257 3704 1315 3783 libi

144 3800 292 3869 numero
327 3784 460 3887 viginti
488 3784 579 3867 duo,
623 3782 789 3861 historiae
811 3790 860 3861 'ct
900 3795 1100 3890 antiquitati
1133 3798 1314 3876 illustrand

145 3888 290 3967 inultum
315 3883 534 3966 conducunt,
573 3899 612 3952 et
642 3883 757 3973 varie,
798 3885 902 3960 etiam
940 3891 1096 3983 seorsim,
1137 3895 1230 3970 editi
1264 3900 1314 3973 sut

146 3981 290 4064 Accidit
315 4002 452 4076 quoque
478 3977 545 4049 hoc
570 3997 661 4084 anno
683 4002 792 4075 413„
827 4000 865 4052 ut
890 3986 1112 4079 Demetrias,
1146 3995 1314 4069 nobiliffin

146 4085 396 4197 virgo,'·cut1}⁸
418 4071 709 4185 platteJuhaua,
750 4094 788 4149 et
820 4077 899 4177 avia
924 4082 1056 4176 Proba,
1096 4088 1175 4183 post
1202 4097 1314 4173 Roma:

282 4200 287 4211 “
567 4188 579 4207 “
1198 4210 1314 4293 captati
