3074 4838
1434 424 1439 591 l

86 566 98 582 ·
143 646 222 732 470
533 624 680 728 &florid
700 623 831 732 Eccltfi
855 625 971 731 claust.

1436 726 1439 761 Ι

153 805 317 885 Nestorii
343 807 579 901 adversarius,
619 810 679 907 qni
702 808 766 883 scri
793 810 835 884 stt
859 828 984 884 contra
1007 790 1216 902 Irenaeum,
1245 804 1379 889 Netini
1437 786 1439 799 Ι

154 906 203 978 rii
226 904 434 997 studiosum,
467 927 626 980 autorem
654 906 737 979 libri
767 835 829 980 iub
853 905 957 980 titulo
978 908 1177 1002 tragoediae.
1228 907 1291 981 De
1307 928 1377 1004 quu

153 1002 312 1077 lialuziua
332 1004 370 1077 in
389 1002 536 1100 praefat.
559 1001 727 1098 legendus
743 1000 806 1077 est.
853 1002 960 1076 Hisce
983 1003 1231 1077 monumentis
1244 1003 1378 1079 adden·

155 1096 194 1171 di
219 1099 296 1172 suot
321 1122 367 1172 ex
394 1098 587 1173 Veteribus
610 1100 744 1171 Socrau
769 1099 820 1171 H.
844 1099 868 1173 l.
895 1099 980 1173 Vll.
1022 1097 1197 1195 Euagrius
1222 1100 1278 1175 H.
1302 1096 1378 1176 ll.

155 1194 338 1268 Liberatus
361 1195 398 1267 in
423 1195 623 1284 Breviorio,
662 1212 700 1266 et
723 1193 966 1287 Theophanen
997 1192 1035 1268 in
1064 1193 1296 1292 Chromgn,
1332 1214 1377 1271 er

158 1290 417 1365 recentioribus
450 1311 589 1387 praeter
614 1287 793 1362 Petavium
820 1289 954 1386 Dogm.
987 1290 1116 1364 Theol.
1146 1307 1174 1363 t.
1200 1291 1232 1387 1,
1256 1292 1284 1364 Ι.
1309 1289 1377 1367 Ν.

156 1404 196 1458 et
222 1386 361 1481 Lupum
390 1389 426 1460 in
448 1388 587 1460 scholiis
605 1384 648 1458 ad
671 1407 823 1457 canones
838 1385 985 1472 concil,
1011 1384 1204 1458 Gamerius
1230 1384 1311 1460 diff.
1329 1385 1377 1462 ll·

158 1481 203 1553 ad
227 1482 383 1554 Marium
410 1485 670 1556 Mercatorem:
705 1502 749 1550 ne
780 1481 885 1568 alios,
917 1478 994 1552 saris
1017 1500 1140 1575 notos,
1166 1503 1378 1559 memorem.

207 1575 239 1689 §.
264 1578 468 1653 LXXXIV.
497 1601 528 1651 1.
548 1572 652 1651 Causa
669 1572 825 1648 efficiens
851 1572 902 1648 est
921 1574 1141 1649 Theodosius
1164 1576 1379 1674 inperator,-

157 1696 258 1771 quus
277 1673 367 1768 juffu
393 1690 587 1748 convocata
614 1668 665 1742 est
688 1669 874 1767 synodus,
906 1689 943 1745 et
968 1693 1038 1744 non
1063 1672 1186 1767 Prpr,
1219 1670 1309 1747 ficut
1333 1696 1379 1749 ex

158 1768 319 1867 epistolis
344 1769 418 1862 ejus
451 1764 741 1854 convocaturus,
774 1767 1014 1862 membrorum
1040 1768 1178 1864 Synodi
1208 1769 1379 1844 confeffiae

160 1887 258 1952 one,
290 1862 431 1960 aliisque
459 1860 669 1938 testimoniis
685 1864 774 1937 bene
802 1862 940 1953 multis,
970 1880 1070 1937 extra
1094 1861 1243 1943 dubium
1268 1865 1378 1943 colo

163 1958 260 2071 cavit
282 1958 460 2069 Launoiup
490 1961 513 2035 l.
532 1961 601 2071 .V¹·
635 1980 692 2055 ep.
721 1981 754 2053 3.
808 1981 841 2033 2.
866 1959 1050 2126 Impellens
1067 1955 1135 2032 init
1161 1957 1376 2050 Nestorius,

161 2051 1024 2260 {pispiplclpaevrietos,Drempppppgstlpperegorpoeus
1039 2148 1090 2223 est
1105 2150 1285 2246 Ephesus,
1309 2176 1375 2227 ce·

159 2245 345 2322 leberrima
367 2247 489 2343 Jonrae
522 2263 716 2320 manttmae
747 2263 890 2335 crvrtar,
932 2244 1035 2319 Afra'e
1072 2246 1376 2343 metropolir,*et

159 2343 260 2425 ledes
281 2340 543 2433 Patriarchalis,
583 2340 643 2415 ubi
674 2338 709 2413 in
743 2340 898 2435 Templo
928 2339 1066 2416 Mariae
1096 2341 1250 2440 virginit
1279 2345 1378 2419 cele*

161 2439 261 2521 brata
286 2435 358 2528 est,
391 2440 429 2512 in
453 2463 521 2536 qua
543 2436 620 2534 Ipsa
644 2435 784 2514 &tuum
807 2438 952 2529 Deiporo
977 2437 1146 2511 declarata
1176 2437 1243 2515 est.
1284 2440 1376 2518 Vid.

159 2532 273 2629 Epio„
299 2531 422 2628 Cyrilli
444 2536 486 2608 ad
510 2537 666 2623 Clernm,
690 2533 925 2630 populumque
942 2532 1241 2627 Alexandrinum,
1265 2554 1306 2611 et
1320 2558 1378 2613 ac·

159 2644 198 2702 ta
224 2626 385 2701 Concilii.
431 2651 466 2719 4.
493 2631 653 2724 Tempus
674 2626 726 2702 est
741 2651 771 2702 a.
795 2649 902 2723 431„
926 2651 997 2724 quo
1020 2629 1206 2725 synodus,
1231 2656 1263 2708 a
1287 2654 1379 2729 430.

160 2719 317 2813 inditia,
336 2723 529 2812 convenit,
547 2721 606 2795 die
624 2725 708 2797 rado
724 2726 825 2822 jum,
851 2725 935 2797 licet
951 2725 993 2798 ad
1011 2723 1106 2798 diem
1121 2727 1381 2823 Pentecostee,

160 2818 224 2895 {eu
248 2839 282 2913 7.
307 2819 408 2916 Jum,
441 2836 659 2908 convocata3
694 2839 732 2893 ut
764 2817 908 2917 epistola
932 2818 1105 2917 Synodim
1127 2822 1171 2895 ad
1197 2824 1383 2900 -Tfieodo

162 2913 250 2992 stum
274 2915 465 3010 significat:
490 2914 549 3018 qui
566 2937 675 2990 annus
690 2913 742 2989 est
766 2936 823 3008 24.
851 2915 1045 3007 Theodofii
1063 2917 1143 3011 Jun.
1192 2942 1231 3008 5.
1255 2922 1384 2997 Mem.

158 3013 225 3089 bra
249 3011 391 3085 fuerunt
422 3011 571 3110 ingente
603 3035 771 3100 numero,
807 3012 867 3109 qui
896 3011 995 3084 varie
1028 3013 1071 3086 ab
1095 3015 1280 3090 autoribus
1312 3014 1385 3093 ini,

160 3122 233 3180 tur.
282 3107 420 3183 Mariur
442 3112 628 3184 Mercator
645 3107 725 3183 alibi
744 3129 825 3202 193,
852 3107 935 3181 alibi
955 3129 1039 3206 274,
1072 3129 1256 3203 numerat,
1280 3113 1387 3189 Cres·

162 3203 312 3276 enniana
329 3205 509 3295 collcdlio,
527 3230 547 3279 a
562 3204 713 3279 Baronio
727 3204 852 3292 citata,
878 3226 969 3291 200,
992 3221 1052 3276 aut
1066 3200 1223 3281 circiter.
1274 3208 1391 3306 ond

160 3296 254 3370 tanti
279 3299 444 3389 nonest,
477 3302 582 3395 longe
606 3299 766 3394 majoris,
800 3300 839 3372 in
867 3297 1059 3395 praesidem
1087 3317 1123 3372 et
1148 3301 1386 3400 praecipuum

160 3390 376 3467 ‹liredlorem
417 3393 651 3488 inquifiviffe.·
701 3395 791 3467 Eum
823 3393 925 3468 fuiffe
961 3395 1127 3490 Cyrillum
1171 3397 1390 3478 Alexandri·

160 3509 267 3579 num,
292 3510 414 3561 omnes
438 3488 578 3587 quidem
602 3487 844 3580 consentiunt,
870 3488 928 3563 sed
952 3490 1069 3564 vicem
1084 3495 1221 3588 Papae,
1247 3516 1313 3592 qua
1333 3518 1390 3577 ta·

163 3585 253 3673 lem,
276 3582 428 3680 geffilie,
453 3584 674 3660 contendunt
690 3585 858 3679 Paparum
874 3586 1033 3683 patroni,
1058 3588 1137 3682 quia
1152 3588 1220 3665 adt.
1239 3593 1268 3665 Ι.
1291 3611 1385 3669 con·

159 3679 239 3752 cilii
265 3678 410 3754 tenuiffe
434 3681 565 3754 dicitur
590 3678 772 3754 Caelestini
797 3683 924 3755 locum.
972 3683 1041 3756 Sed
1066 3686 1138 3758 illas
1164 3704 1286 3783 parter
1304 3687 1386 3783 jam

162 3772 224 3847 diu
245 3795 364 3862 antea,
398 3772 435 3852 in
458 3772 565 3849 initio
589 3794 769 3865 motuum,
810 3776 874 3874 ipsi
896 3775 1165 3855 demandaverat
1189 3784 1302 3881 Papa,
1343 3805 1390 3865 ut

163 3870 261 3945 suum
285 3895 326 3944 ea
350 3870 487 3945 ratione
512 3870 714 3947 consensum
739 3896 818 3948 curn
845 3873 976 3968 Cyrillo
1004 3875 1213 3965 declararet,
1247 3886 1289 3954 in
1314 3883 1382 3978 Sy.-

163 3965 259 4041 nodo
282 3985 417 4051 autem,
442 3992 510 4065 qua
532 3966 605 4061 ejus
628 3968 799 4056 vicarius,
829 3966 1032 4064 neutiquam
1057 3974 1253 4067 praesedit,
1285 3974 1377 4072 qnod

151 4063 323 4187 :nusquam
347 4063 517 4160 traditur,
539 4063 601 4147 sed
624 4088 690 4165 qua
705 4063 905 4146 Putriatcha
919 4064 1298 4241 Alemdrinuassuic
1338 4067 1376 4241 lli

148 4208 154 4219 .
234 4218 240 4224 .
637 4229 656 4255 b
733 4224 736 4230 ,
777 4220 789 4236 ,
1325 4187 1378 4249 0,

952 2078 990 2144 a,
1032 2053 1093 2151 qni
1126 2055 1376 2151 Inperatorem
