3074 4838
206 685 283 776 4⁸0
601 661 750 766 Historia
773 661 1044 780 Ecclesscsnils.
1159 650 1164 656 ³

213 854 415 938 Nicaenos,
436 839 517 919 'effe
544 844 850 943 deprehendissent
877 845 1061 939 Africani,
1091 842 1349 945 adpellationes
1378 855 1441 924 ω’

214 952 450 1061 spreverunt:
491 941 536 1013 de
579 965 651 1050 quo
684 943 794 1037 supra.
848 941 1035 1053 Dederunt
1073 965 1173 1018 acres
1204 943 1275 1018 hac
1315 943 1363 1017 de
1392 967 1444 1055 're

215 1050 351 1124 litteras
374 1039 417 1112 ad
442 1036 676 1111 Caelestinum
700 1039 847 1133 Papam,
873 1043 997 1136 quibua
1027 1062 1108 1118 eum
1133 1064 1154 1114 a
1177 1038 1366 1148 praetenso
1388 1062 1445 1148 jn·

220 1164 260 1218 re
279 1133 457 1213 dehortati
477 1133 555 1206 sunt
586 1132 750 1206 mittendi
772 1133 867 1206 hisce
887 1139 924 1208 in
941 1133 1048 1217 causis
1063 1145 1217 1233 legatos,
1240 1153 1336 1207 rnter
1353 1133 1445 1225 asra,

189 1231 193 1238 ’
218 1260 258 1314 ne
284 1232 412 1331 typhum
423 1226 532 1323 seculi
553 1231 587 1302 in
610 1225 791 1318 Ecclestnm
818 1229 935 1325 Christi
955 1263 1010 1283 -
1031 1278 1086 1297 -
1107 1265 1160 1283 -
1183 1231 1330 1303 inducere
1354 1231 1447 1303 nida.

188 1413 190 1419 ,
221 1349 311 1409 atur.
361 1325 509 1400 Exstant
533 1324 628 1417 acia,
656 1323 843 1423 epistolae,
869 1345 907 1398 et
933 1347 1086 1403 canones
1110 1323 1147 1398 in
1172 1328 1276 1400 codice
1300 1323 1443 1420 Africa.

221 1452 305 1618 Ἥ.
329 1517 440 1592 XCII.
467 1514 565 1589 CPoIi
584 1538 614 1591 a.
631 1520 720 1604 426.
738 1513 940 1588 Maffaliani
958 1513 1218 1605 suntdamnati
1242 1539 1262 1588 a
1284 1513 1446 1590 Sifinnio

223 1616 348 1704 CPol.,
372 1632 411 1686 et
429 1611 580 1700 Theon,
604 1608 697 1706 quod
729 1609 940 1701 notandum,
968 1612 1161 1708 Episcopus
1185 1611 1445 1705 proclamavit,

252 1708 470 1787 oenitentiae
498 1706 614 1780 locum
639 1727 712 1778 non
735 1703 911 1795 futurum,
951 1706 976 1779 sr
1007 1708 1083 1804 quis
1111 1730 1150 1780 re
1178 1708 1233 1781 vel
1262 1709 1376 1782 verbo
1401 1707 1447 1783 in

164 1828 167 1839 ’
222 1740 327 1906 dujus
351 1801 464 1877 sectae
493 1801 551 1875 vel
582 1799 815 1896 suspicionem
845 1799 1027 1894 venisset,
1060 1803 1144 1876 licet
1168 1802 1292 1876 millies
1315 1801 1447 1900 poeni·

223 1902 357 1980 tentiae
384 1918 515 1991 poenas
542 1897 637 1970 luere
661 1897 779 1972 vellet.
805 1895 908 1970 Phor.
940 1897 1027 1973 Bibl.
1060 1899 1141 1972 cod.
1173 1920 1232 1988 52.
1279 1899 1324 1972 ln
1355 1918 1444 1970 oon·

220 1997 306 2075 cisio
331 1989 505 2087 Regienſs,
536 1992 575 2066 in
602 1989 751 2066 secunda
781 1993 969 2088 provincia
999 1994 1252 2084 Narbonense,
1273 1991 1444 2088 praeside

221 2091 391 2179 Hilario,
418 2087 618 2162 Arelatense
643 2087 900 2181 Metropolita,
932 2113 961 2164 a.
985 2112 1092 2185 439„
1117 2107 1255 2184 praeter
1269 2088 1443 2164 abolitam

218 2184 446 2297 ‚Armentarii
472 2181 935 2293 episcopiordinationem,
959 2185 1201 2295 conditisunt
1226 2183 1308 2259 osio
1330 2207 1444 2260 cano·

121 2330 126 2342 '
189 2279 752 2473 ψἷίἒέιέἶῐὲἒῖῗὲῖιῗ03ῗὲἰὲιὲ’
774 2278 1330 2484 ,sfflbgnsasnsssssss
1356 2281 1444 2471 ῗέἒί

222 2477 401 2562 tinentes,
426 2491 464 2545 et
487 2497 518 2546 a.
535 2493 619 2563 442.
645 2475 683 2544 in
708 2467 849 2564 Vnsense
866 2472 997 2544 ibidem
1014 2472 1137 2547 decem
1156 2495 1318 2548 canones.
1370 2471 1446 2546 Ro·

140 2616 143 2622 ·
223 2597 297 2646 mae
320 2567 439 2640 habita
464 2565 515 2639 est
536 2588 565 2639 a.
589 2589 674 2656 442.
699 2566 862 2638 aLeone
894 2568 987 2664 Papa
1017 2568 1177 2666 Synodus
1205 2589 1329 2643 contra
1359 2569 1443 2642 Ma·

225 2666 414 2751 nichaeos,
439 2685 504 2757 qua
520 2683 642 2733 eorum
661 2660 822 2756 dogmata
838 2678 876 2733 et
891 2661 1046 2737 facinora
1060 2664 1141 2738 sunt
1165 2665 1346 2756 damnata,
1368 2662 1442 2741 vid.

226 2759 361 2836 Leonis
377 2780 433 2853 ep.
455 2778 486 2830 2.
506 2756 548 2828 ad
557 2756 687 2847 witalos,
706 2775 744 2829 et
760 2755 874 2830 sermo
890 2780 924 2849 5.
944 2758 988 2830 de
1003 2760 1164 2857 Jejuniia.
1213 2760 1320 2860 Quod
1345 2758 1446 2837 idern

227 2849 488 2949 in'Astnn'cense
504 2851 542 2924 in
559 2850 730 2961 Galiaecia
746 2875 776 2926 a.
800 2859 885 2943 446.
910 2854 1038 2929 fanum
1061 2855 1151 2946 esse,
1175 2855 1286 2929 refert
1308 2856 1448 2934 ldatius

225 2956 265 3032 in
284 2954 414 3027 Chron.
467 2951 509 3021 In
528 2948 680 3020 concilio
698 2947 894 3021 Antiocheno
920 2974 952 3026 a.
975 2973 1060 3044 447.
1084 2952 1258 3026 absolutus
1283 2949 1334 3023 est
1357 2952 1441 3028 Ibas

211 3048 416 3126 ,Edessenus
439 3070 459 3119 a
482 3043 708 3133 criminibus,
733 3042 798 3141 ipsi
822 3069 841 3117 a
864 3047 968 3120 Ciero
990 3048 1062 3142 ejus
1085 3045 1256 3144 inpasbis3
1277 3043 1444 3124 adborum

222 3147 462 3241 fragmentum
490 3139 666 3238 reperitur
681 3140 718 3213 in
750 3140 904 3229 concilio
938 3143 1122 3216 Calcedon.
1157 3143 1224 3218 asi.
1255 3143 1298 3216 X.
1332 3139 1446 3238 Quae

222 3241 421 3326 accusatio,
446 3237 506 3311 sed
533 3255 570 3309 et
596 3237 787 3324 absolutio,
815 3259 982 3312 renovata
1010 3237 1061 3312 est
1086 3239 1125 3314 in
1150 3235 1306 3312 concilio
1339 3237 1445 3336 Tyrio

223 3356 265 3412 et
287 3332 457 3430 Btryrenfi
473 3357 503 3406 a.
519 3339 630 3422 448„
658 3330 835 3428 inquibus
863 3332 899 3405 se
925 3357 1064 3432 quoque
1088 3359 1109 3409 a
1136 3332 1443 3426 Nestorianifino,

116 3510 117 3513 ,
224 3453 267 3509 et
282 3431 355 3506 aliis
372 3427 596 3517 criminibus,
625 3427 809 3524 purgavit:
842 3426 925 3503 ibid.
954 3433 991 3504 in
1023 3428 1088 3505 an.
1120 3428 1335 3506 Chalcedon.
1369 3430 1439 3510 att

224 3533 289 3608 lX.
340 3527 381 3608 In
404 3522 559 3598 concilio
581 3521 771 3618 Arelatense
794 3525 842 3597 ΙΙ.
860 3522 898 3596 in
916 3524 1046 3612 Gallia,
1079 3545 1159 3599 ante
1174 3549 1303 3600 annum
1328 3550 1442 3624 445„

224 3647 264 3702 ut
278 3626 320 3701 ad
335 3630 558 3699 eum‘annum
576 3618 790 3694 demonstrat
806 3617 910 3728 Pagi,
935 3616 1069 3695 conditi
1086 3620 1164 3695 sunt
1188 3629 1237 3711 5⁶
1260 3621 1442 3718 canones,

224 3746 275 3796 err
299 3716 513 3794 Arausrcano
537 3735 574 3786 et
599 3715 756 3788 Vasense
778 3737 964 3789 maximam
987 3735 1124 3814 partem
1148 3716 1309 3790 desnmti:
1345 3718 1446 3797 ficut

83 3859 87 3867 ·
224 3818 264 3895 in
290 3818 382 3889 Ande
406 3810 520 3908 nnense
547 3809 583 3880 in
609 3810 722 3886 Gallia
748 3810 991 3906 Lugdunensi,
1016 3812 1056 3885 in
1080 3813 1181 3887 causa
1202 3811 1443 3893 ordinationis

224 3841 548 4003 ssalassiidpiscopi
574 3903 716 3996 coacta,
748 3928 902 4016 canones
931 3930 974 3980 12
1008 3933 1039 3982 a.
1071 3931 1155 4002 453.
1204 3905 1338 4003 Habita
1364 3909 1434 3999 est,

68 4065 71 4070 ·
224 4032 264 4088 ut
286 4005 467 4115 censetur,
501 4030 531 4079 a.
554 4021 639 4093 459.
668 4000 904 4114 constantinop.
929 4004 978 4078 V.
1011 4004 1173 4100 Synodus
1202 4002 1263 4081 sub
1298 4005 1434 4112 Genna-

38 4109 42 4131 '
82 4137 84 4141 ·
222 4109 285 4186 dio
309 4100 513 4181 Patriarcba
541 4116 669 4176 contra
693 4099 933 4193 simmacus,
955 4101 1057 4198 cujus
1080 4099 1226 4198 epistola
1258 4101 1437 4273 drenlxrhrras

220 4234 228 4248 ·
725 4252 732 4258 -
779 4256 810 4263 --
853 4246 862 4263 ι
1325 4219 1347 4272 θ
1423 4214 1441 4270 t
