3008 4830
475 736 481 745 -
574 687 681 769 suot.
703 686 770 765 rV.
1214 708 1283 769 ιη

13 846 17 969 i
101 868 138 969 ς.
164 866 251 943 CV.
300 861 531 941 Perstiterunt
563 866 613 941 ita
639 890 683 947 ue
716 867 857 966 quidem
894 866 934 943 io
962 867 1136 945 sententia
1161 869 1278 945 Vete·

13 986 16 1043 :
62 990 142 1044 mn
166 966 283 1061 super.
311 963 381 1035 sec.
391 985 403 1049 3
440 982 593 1037 attamen
615 892 858 1039 iubtilioribus
887 964 1275 1063 suis-expositionibus,

62 1084 105 1141 ot
127 1064 167 1137 in
195 1062 309 1155 Greg.
333 1056 481 1151 Nyffen.
507 1061 708 1149 exemplum
731 1060 802 1151 est,
834 1080 872 1135 et
896 1060 1133 1155 inmoderatis¹
1148 1064 1278 1159 hyper·

64 1158 174 1243 bolis,
206 1155 338 1271 quibua
362 1158 407 1229 de
431 1175 731 1262 pane,·tanquam
756 1156 919 1252 ipsrssimo
944 1156 1073 1231 Christi
1099 1158 1275 1252 corpore,

66 1255 251 1331 ariana
275 1268 381 1341 nato,
407 1271 448 1323 ac
465 1250 655 1342 crucifixo,
680 1254 793 1327 locuti
808 1255 904 1341 sunt,
929 1269 966 1324 et
982 1251 1099 1325 omnia
1121 1254 1280 1349 corporis

66 1346 200 1425 coristi
220 1344 354 1421 effetit
445 1344 456 1415 i
487 1346 664 1437 tribuunt,
698 1369 719 1419 e
743 1347 936 1443 longinquo
961 1346 1056 1420 viam
1083 1346 1280 1425 straverunt

72 1443 122 1520 ati
142 1442 286 1519 crudum
309 1440 372 1515 inu
408 1438 616 1541 ¹Trorrsrtbvlte
641 1442 791 1539 dogma;
817 1445 948 1539 inquo
975 1440 1149 1541 Chrysost.
1175 1442 1279 1540 saepe

77 1536 342 1617 intolerabiliter
374 1536 575 1613 luxuriatur.
622 1538 723 1615 ,Nec
755 1539 855 1612 aliam
896 1557 1085 1611 terruerunt
1115 1538 1210 1613 viam
1241 1539 1295 1616 ia.

77 1658 159 1713 tero
179 1631 374 1731 conspeetu
396 1654 438 1706 ac
461 1630 617 1708 efficacia
641 1634 869 1710 eucharistiae
892 1632 1106 1731 explicanda.
1138 1633 1285 1709 Sacrifi-

72 1730 167 1811 eiom
182 1728 338 1899 proprie
360 1726 489 1803 diam
516 1750 587 1803 oon
603 1729 743 1827 quidem
767 1729 958 1806 statuerunt
981 1728 1051 1804 effe
1076 1726 1280 1807 eucharisti·

66 1854 147 1919 am,
198 1826 243 1899 ed
266 1825 342 1919 ejrrs
365 1823 468 1898 semel
493 1826 530 1899 in
557 1848 661 1899 cruce
690 1826 775 1902 raeti
800 1823 1192 1915 commemorationem,
1226 1844 1283 1899 at·

66 1944 195 2001 nmen
217 1938 255 1995 et
276 1918 516 2017 hyperbolicis
543 1922 801 2013 locutionibus,
826 1942 863 1995 et
889 1918 1060 2019 opinione
1084 1923 1129 1995 de
1146 1922 1281 1997 virtute

71 2018 305 2104 vivificante,
343 2038 387 2089 ac
414 2013 554 2091 effertis
574 2016 808 2129 eucharistiae
832 2016 874 2128 ad
899 2017 1131 2091 remiffionem
1155 2041 1288 2117 pecca·

70 2134 213 2297 ffl:
233 2110 896 2318 ὦῗξῖῗὲῗῗέςέἕέῑῖῗέἒορῗέἰὲῖᾏῖῗὲῗ’
929 2110 1288 2308 mitteret?

30 2354 37 2367 ·
67 2328 111 2384 ut
137 2304 235 2381 dieta
268 2302 451 2394 illustrem,
492 2309 692 2379 nominibus
715 2308 828 2386 ovea«
861 2319 897 2378 et
921 2302 1098 2399 προσφορᾶς
1118 2305 1286 2403 sacrificii

68 2422 105 2481 ee
132 2403 328 2491 oblationis,
361 2398 421 2472 sed
446 2399 605 2474 sacrificii
629 2402 758 2477 Christi
782 2401 1281 2477 commemorationem'intel-

68 2502 258 2587 luerunt,
290 2514 331 2568 ut
354 2514 392 2569 et
412 2519 536 2590 preces
561 2496 704 2593 adjungi
727 2497 864 2587 solitas,
897 2519 938 2570 ac
962 2496 1053 2570 dona
1077 2495 1285 2573 a-fidelibue

69 2598 209 2671 oblata:
253 2590 306 2665 uti
332 2590 434 2666 secui.
468 2592 721 2687 superioribus,
765 2590 939 2691 chrysost.
978 2592 1073 2665 hom.
1097 2593 1219 2668 XVII.
1246 2592 1287 2670 itt

68 2694 143 2787 Ep.
166 2689 206 2763 ad
230 2689 344 2762 Hebr.
370 2708 467 2761 onom
491 2687 536 2779 est
553 2686 776 2783 sacrificium,
802 2713 862 2760 non
888 2689 997 2776 aliud,
1014 2685 1077 2782 sed
1102 2689 1182 2761 idem
1199 2688 1290 2791 sem·

62 2806 128 2883 per
147 2784 324 2879 ferimur,
363 2782 480 2876 μᾶλλῡν
500 2784 536 2854 «it
558 2784 714 2874 evomit
731 2786 923 2877 ὄςγαζὶμετα
943 2785 1055 2862 θυσίας
1082 2791 1185 2880 potior
1214 2812 1290 2862 vero

67 2885 321 2958 recordationem
343 2900 509 2975 operamur
528 2878 702 2978 sacrificii.
752 2883 838 2955 Vid.
857 2901 894 2954 et
908 2883 1020 2954 Hom.
1045 2881 1088 2953 L.
1113 2880 1157 2955 ad
1174 2883 1285 2959 Matr.

71 2998 115 3053 et
138 2977 323 3050 LXXXII.
359 2976 420 3050 Sic
445 2995 483 3049 et
505 2976 601 3049 Bafil.
620 2981 676 3053 M.
704 2977 825 3051 moral.
852 2978 987 3073 Regula
1003 2976 1147 3052 LXXX.
1173 2997 1204 3051 c.
1224 2999 1284 3052 aa.

71 3072 145 3171 qui
169 3071 300 3240 ariges.
322 3073 352 3145 1.
390 3094 497 3145 unum
522 3090 657 3146 tantum
693 3072 751 3144 sub
777 3074 827 3145 N.
854 3071 901 3143 T.
927 3069 1133 3144 sacrificium
1160 3071 1288 3167 agnos·

71 3169 156 3257 cit,
182 3188 203 3239 a
253 3166 360 3241 bristo
382 3166 419 3241 in
437 3190 541 3242 cruce
567 3168 732 3240 oblatum.
784 3164 946 3237 AEterna
969 3166 1158 3237 redemtione
1175 3171 1292 3239 foveo·-

72 3282 137 3353 ω,
163 3264 269 3337 verba
295 3264 375 3338 sunt
394 3260 582 3360 Ephraemi
606 3260 687 3358 Syri
712 3259 749 3334 in
775 3262 954 3334 Paraenet.
975 3261 1127 3357 Oper.S
1171 3280 1286 3340 ‚tom

70 3363 142 3436 111.
166 3382 201 3455 p.
219 3379 304 3450 555.
329 3360 388 3434 sed
413 3360 600 3433 secundum
624 3357 729 3431 nimis
745 3355 907 3445 liberam,
932 3356 1100 3431 erminus
1151 3358 1292 3454 delem,

71 3452 275 3533 verfionem
303 3455 467 3546 editoris,
481 3453 689 3553 sacrificium
713 3469 802 3529 tuum
816 3451 918 3550 super
944 3453 1051 3533 altare
1073 3458 1219 3528 contineo
1236 3480 1290 3529 re·

72 3575 198 3641 norat,
224 3549 398 3649 amitasque
412 3555 512 3626 labiis
528 3549 761 3719 deguffandum
784 3552 917 3624 exhibes
933 3552 1066 3624 calicem
1106 3550 1287 3628 amtorem:

74 3666 196 3723 textus
220 3649 319 3721 enim
345 3649 421 3747 Syr.
446 3666 583 3721 tantum
637 3648 735 3737 abet,
770 3663 806 3719 tu
822 3643 1028 3743 sacrificium
1078 3664 1155 3741 oper
1177 3644 1292 3746 menso

73 3742 199 3843 nostro.
246 3743 359 3820 Usum
383 3764 420 3819 et
433 3742 585 3819 frustum
610 3740 859 3832 eucharistiae,
887 3742 924 3817 in
950 3741 1033 3817 Chri
1068 3740 1079 3814 i
1104 3742 1163 3838 pia
1191 3765 1292 3821 eom·

78 3840 334 3915 memoratione
364 3840 495 3929 situm,
535 3864 555 3914 e

77 3936 204 4031 Spiritu
225 3937 265 4013 S.
301 3936 364 4013 sub
389 3936 536 4011 nomine
556 3863 671 4009 iasrlii
697 3936 755 4011 M.
788 3935 896 4032 Oper.
923 3950 1010 4011 tom.
1036 3934 1083 4008 Π.
1134 3934 1222 4012 vid.
1255 3956 1297 4021 ee

75 4035 126 4109 de
145 4032 302 4137 bemismo
326 4035 350 4110 l.
376 4034 405 4109 I.
430 4055 463 4108 c.
491 4053 524 4128 3.
550 4030 661 4121 ibid„
679 4030 744 4201 ¹qui
766 4028 861 4107 locus
882 4050 1007 4107 contra
1031 4029 1234 4109 Transubst.
1252 4047 1294 4103 et
1359 4102 1362 4108 .

70 4126 217 4212 mittam
246 4128 303 4211 est
338 4129 547 4211 luculenter.
597 4129 813 4303 Coooerrmr
843 4150 984 4230 quoque
1014 4125 1141 4207 Euseb.
1176 4121 1300 4330 effi

582 3839 680 3933 regie
721 3836 885 3936 expreffit
916 3858 1020 3912 autor
1048 3837 1215 3913 homiliae
1245 3842 1300 3920 de
