3008 4830
227 137 296 226 256
616 124 762 222 Historia
787 123 911 223 Ecclej.
940 122 1055 220 Cluiss.

222 314 440 391 inhonore:
475 302 686 415 pecudiarem
721 304 916 378 habuerunt
941 303 979 379 in
1006 302 1160 379 Ecclesia
1185 305 1327 394 locunt,
1359 301 1491 377 Am—

77 435 81 441 ·
222 408 316 491 bros.
338 404 383 481 ad
405 404 456 479 uir
479 406 565 477 inam
587 400 642 495 lap
659 424 737 489 auu
778 422 898 477 earurn
931 398 1083 477 violatio
1119 399 1192 477 fuit
1215 400 1360 477 severe·
1408 423 1492 475 o-

226 504 346 581 hibita
363 520 432 667 rer
507 516 591 597 get.
653 496 712 571 od.
739 492 921 573 Theodos.
945 496 968 573 l.
992 496 1057 573 nt
1081 494 1137 573 tit.
1159 494 1207 571 de
1228 514 1329 595 rapta
1366 520 1492 571 aar-

225 598 463 685 animatum,
491 610 608 691 poena
628 612 771 689 quoque
804 588 945 687 capitali
969 614 995 671 a
1017 590 1207 689 Joviniano
1238 590 1386 691 (intuta,
1418 592 1492 669 fl

222 694 302 869 ffirit
324 716 387 767 non
409 708 526 787 rapere
555 704 715 777 tantum,
737 684 798 763 sed
820 688 880 765 vel
903 702 1068 763 attentata
1083 689 1283 765 matrimonii
1316 690 1325 707 “
1391 710 1430 765 ιι
1449 708 1492 755 =

282 784 394 897 causa·
403 782 567 884 sacrarat
592 785 765 881 uirgines,
802 782 858 857 rai
885 784 1038 895 inritas,
1067 782 1167 882 ausas
1180 780 1308 879 faerit.
1357 802 1492 896 ..¹¹³

224 876 1113 1087 {funinssj’pitituttninifzninftdn
1132 878 1492 1073 venibunt:

232 1080 302 1159 tias
316 1091 581 1165 contraxerant,
605 1092 664 1162 et,
690 1071 749 1145 seu
762 1095 822 1162 vr,
847 1072 906 1147 seu
931 1070 1172 1167 persuasrone,
1203 1094 1262 1147 ear
1278 1088 1493 1171 corrupe=

226 1195 319 1255 rant.
369 1171 440 1247 Sed
498 1190 624 1244 oenam
648 1166 834 1243 Honorius
864 1188 894 1243 a.
918 1188 1004 1277 ano.
1035 1166 1185 1243 mutauit
1223 1190 1304 1243 cum
1335 1168 1493 1267 opu-

227 1276 373 1362 tatione,
406 1193 587 1364 pandentis
610 1266 716 1339 bonit.
763 1262 886 1339 Exstat
908 1262 965 1338 lex
982 1260 1070 1338 rbid.
1105 1264 1273 1341 Inmunea
1305 1284 1378 1362 qno
1401 1286 1492 1341 u·

227 1386 329 1449 erant
356 1388 377 1439 a
400 1360 539 1462 plebeja
553 1361 772 1473 tapirmuua,
796 1358 882 1437 ibid.
906 1358 929 1435 i.
954 1359 1053 1437 XIII.
1079 1358 1138 1437 tit.
1161 1360 1207 1435 de
1221 1356 1330 1458 caasa.
1379 1288 1493 1437 dus

225 1465 324 1545 ulice
344 1483 390 1559 qu
441 1481 485 1534 ue
508 1481 530 1533 a
554 1455 787 1567 §onitannno
809 1456 867 1535 M.
893 1453 971 1543 sont
994 1454 1222 1547 sustentatae,
1251 1455 1355 1567 cujus
1376 1468 1493 1535 ma!

226 1580 284 1638 ter
308 1579 367 1633 eat
456 1574 664 1630 convrvturn
694 1550 839 1627 subinde
864 1548 1038 1663 γοςινὶι.
1070 1551 1189 1663 iisque·
1214 1548 1436 1665 mrnrstrayit,
1489 1568 1493 1575 '

223 1648 901 1858 torneamentum
921 1646 1015 1856 ιι*
1028 1646 1208 1729 iustu
1238 1670 1299 1725 ι’
1325 1648 1442 1743 ἰιι

222 1888 228 1897 -
275 1847 309 1950 ᾗ.
333 1844 469 1922 CCXL.
492 1843 611 1917 Statua
629 1839 751 1915 tntarnt'
774 1853 808 1913 at
829 1837 961 1913 moratu
981 1836 1160 1937 rerpeuu,
1180 1839 1228 1919 de
1251 1851 1324 1941 quo'
1344 1838 1494 1941 duda-f:

226 1942 378 2025 tendum
401 1962 495 2017 nunc
518 1934 589 2028 est,
613 1932 766 2013 vmiavit
779 1932 974 2026 Euclesrae,
998 1934 1024 2010 sr
1047 1960 1112 2046 ree·
1125 1935 1164 2025 in
1179 1960 1314 2037 genere
1333 1938 1494 2029 conus:

225 2043 394 2126 deretur,
419 2034 526 2110 facies
550 2032 622 2107 hoc
646 2031 773 2109 secolo.
820 2028 918 2105 Ante
939 2030 1222 2129 persecutionem
1247 2033 1494 2117 Dioclem-‘-

85 2142 89 2150 '
230 2158 336 2215 neam
356 2130 465 2207 statua
490 2127 556 2205 iste
579 2125 673 2201 haud
696 2146 818 2224 parum
840 2127 964 2203 eratd
1011 2148 1171 2219 ravatut3
1210 2129 1311 2207 vitiir
1327 2130 1494 2215 ambio·

229 2228 359 2314 tionis,
385 2222 562 2313 invidiae,
586 2220 681 2313 odii,
708 2220 875 2394 aliistLue,
902 2246 964 2322 gra
991 2222 1150 2315 antibus,
1175 2242 1214 2301 et
1240 2224 1494 2319 Christiani*

228 2321 407 2404 intestinis
427 2320 565 2409 litibus,
609 2336 770 2415 tanquam
819 2320 906 2410 ello,
945 2320 1063 2396 secum
1096 2320 1380 2417 decertantibus,
1413 2324 1495 2401 s&

228 2442 357 2503 mutuo
381 2440 428 2513 op
456 2416 685 2514 ugnantibus.
725 2432 764 2490 et
788 2415 1079 2508 obtretiantibus,
1119 2441 1169 2498 ac¹
1189 2418 1388 2495 dominium
1414 2419 1495 2498 ir!

226 2520 319 2598 alios
342 2438 603 2589 adfedantiuus.
653 2512 753 2615 Quae
772 2514 889 2587 omnia
904 2536 949 2589 ex
963 2512 1094 2588 diserto
1111 2514 1235 2590 Euseb.
1261 2516 1312 2591 H.
1339 2516 1449 2593 VIII:
1478 2518 1495 2569 ⁴·

224 2639 263 2694 n.
286 2611 489 2689 testimonio
504 2609 685 2702 constant,
710 2608 807 2687 srmul
822 2632 868 2685 err
884 2632 928 2685 eo
942 2610 1142 2698 firmantur,
1166 2610 1260 2708 quod
1283 2610 1453 2710 persecu·
1486 2638 1495 2651 ·

223 2709 276 2789 tio
301 2709 548 2786 Diocletianea
579 2731 652 2782 non
678 2726 832 2796 tantum,
871 2724 1031 2803 tanquam
1065 2707 1287 2803 probatoria,
1319 2708 1381 2785 sed
1414 2726 1453 2785 et

226 2805 471 2903 castigatoria,
491 2801 596 2876 fuerit
619 2802 853 2888 confiderata,
879 2798 966 2874 teste
982 2802 1108 2877 eodem
1132 2805 1153 2877 1.
1177 2803 1230 2876 Χῖ.
1247 2825 1284 2896 4.
1337 2806 1452 2895 Tem,-

251 2925 312 2978 ore
328 2896 583 2996 persecutionis
607 2895 693 2970 licet
715 2897 814 2970 multi
838 2896 876 2968 in
899 2895 1005 2972 initio
1028 2897 1246 2990 defecerint,
1271 2898 1330 2974 alii
1349 2902 1452 2977 libel·

224 2929 324 3077 facici
348 3017 388 3078 ac
414 2992 601 3067 traditores
627 2988 776 3081 fuerint,
809 3014 957 3087 quorum
982 2991 1142 3068 notitiam
1166 2993 1237 3070 sec.
1260 2997 1449 3092 superiore

229 3092 334 3183 dedi,
361 3109 401 3164 ut
415 3111 461 3164 ex
483 3085 638 3163 concilio
656 3087 805 3162 Cirtensr
823 3088 861 3162 iu
877 3089 1066 3181 Numidia,
1092 3089 1222 3186 dequo
1241 3090 1361 3189 supra,
1386 3116 1452 3192 pa,-

89 3250 93 3259 .
224 3209 297 3267 tet:
323 3205 476 3262 attamen
500 3184 675 3281 praeclara
689 3184 858 3279 deinceps
880 3185 964 3260 fidei
988 3206 1026 3260 et
1050 3184 1264 3261 constantiae
1281 3191 1451 3287 specrmie

223 3310 269 3363 na
286 3283 404 3383 paffim
430 3281 623 3369 dederunt;
649 3299 688 3355 ut
707 3304 752 3355 ex
768 3279 969 3377 Martyrum
987 3281 1131 3358 historia
1145 3283 1307 3374 Eusebii,
1333 3304 1373 3361 et
1386 3310 1450 3365 ac·

223 3383 270 3459 tir
285 3379 375 3478 apud
399 3378 609 3454 Ruinartum
629 3377 665 3449 in
689 3374 755 3452 au.
781 3375 912 3467 Sincer.
937 3380 1111 3475 Murtyr.,
1135 3378 1357 3457 manifestum
1380 3383 1450 3463 est.

221 3474 382 3561 Videt
416 3475 496 3549 Iius.
532 3475 581 3549 H.
617 3472 871 3569 V11129,14.
907 3493 949 3546 ac
977 3474 1101 3569 Sulpic.
1135 3478 1256 3552 Seuer.
1289 3479 1448 3559 nccrefia

216 3576 386 3667 liberata,
400 3588 404 3595 ·
420 3589 458 3645 et
482 3592 569 3667 pace
595 3595 668 3649 nou
691 3588 827 3659 tantum
850 3568 989 3671 gavisa,
1024 3571 1083 3648 sed
1106 3591 1144 3648 et
1171 3572 1217 3648 de
1237 3575 1451 3675 gentilismo

681 3706 704 3719 ··
1383 3696 1456 3771 per
