3008 4830
462 686 470 699 ·
538 656 588 733 .''.
618 654 767 739 Μ’.
803 654 847 738 V.
939 647 951 709 '·
1285 622 1359 746 siri

130 831 324 935 Augustini
349 835 540 936 opiniones
561 836 718 913 medium
744 855 884 929 teneat,
910 833 1084 937 originem
1111 838 1186 940 ejus
1211 854 1282 915 non
1308 854 1353 921 ex

134 933 353 1010 obscuritate
377 933 560 1010 doetrinae
591 934 799 1034 Augustini,
839 936 982 1033 ejusque
1002 959 1115 1032 pravo
1148 936 1350 1030 intellectu,

131 1030 196 1106 sed
211 1029 295 1104 iude
311 1030 381 1105 else
406 1029 632 1126 repetendam
656 1051 777 1140 patet,
802 1034 914 1129 quod,
942 1056 1023 1106 eum
1051 1036 1090 1108 id
1117 1036 1262 1110 alterum
1287 1057 1348 1109 ex·

137 1150 293 1206 tremum
323 1123 391 1199 effe
420 1126 647 1225 prolapsum,
686 1147 724 1202 et
755 1129 901 1203 bberum
937 1129 1118 1205 arbitrium
1152 1127 1351 1223 sustulisse,

97 1268 101 1273 ·
137 1222 377 1301 existimatum
400 1223 508 1297 suerit
530 1245 551 1296 a
573 1223 767 1313 nonnullis,
791 1225 845 1299 uti
871 1246 916 1298 err
933 1223 1041 1299 initio
1063 1225 1230 1323 epistolae
1254 1227 1351 1300 Pros-

138 1319 279 1420 period
304 1318 536 1416 Augustiuum
560 1315 682 1414 liquet.
730 1320 799 1419 Sed
818 1319 1039 1396 adcesserunt
1062 1325 1146 1414 alia,
1171 1346 1258 1420 quae
1283 1323 1353 1396 huc'

137 1416 233 1495 baud
262 1439 385 1511 parum
414 1415 650 1490 contuleruut.
706 1438 737 1491 1.
769 1409 972 1506 Monachi,
1017 1415 1182 1491 severiori
1219 1415 1354 1491 adsueti

138 1512 365 1610 discipliuae,
395 1535 473 1585 eam
504 1510 699 1585 dorlrinarn
731 1529 897 1606 putarunt
928 1510 1091 1611 rigidiori
1124 1513 1253 1610 pietati
1288 1512 1353 1586 mi·

141 1633 208 1685 nus
240 1609 389 1683 amicam
420 1606 510 1694 elle,
550 1604 648 1679 srmul
677 1608 870 1682 carnalibus
901 1608 1104 1684 hominibus
1135 1608 1355 1682 occasionem

140 1705 337 1781 securitatis
361 1705 539 1801 praebere.
587 1702 647 1777 Sic
673 1702 842 1778 Cassianus
868 1706 982 1781 collat.
1007 1706 1150 1796 Xllnto,
1191 1703 1355 1793 meliores,

142 1803 187 1881 ad
204 1798 348 1899 gratiam
363 1798 516 1877 divinam
534 1818 659 1873 contra
672 1799 871 1896 Pelagianos
888 1800 1209 1891 demonstrandam,
1234 1798 1367 1894 magist·

142 1915 214 1981 tros
240 1897 309 1972 esse
333 1896 423 1971 dicit
447 1896 643 1990 AEgpptior
668 1894 868 1986 Monacsor,
892 1901 948 1993 pai
972 1901 1019 1970 ad
1042 1901 1253 1972 condemnas
1278 1899 1358 1968 mal·

145 2001 195 2071 tir
218 1997 374 2070 virtutum
397 1994 550 2085 exemplis
574 1991 743 2065 conducere
758 2068 761 2073 ,
771 1990 919 2088 poffirnt,
951 2014 1046 2088 poam
1078 1995 1171 2081 illos,
1207 1994 1260 2089 qui
1291 2014 1363 2066 eam

149 2090 363 2189 demonstrare
386 2087 589 2183 sororisant
615 2091 780 2162 verboram
800 2092 989 2185 joslanria',
1019 2091 1189 2183 vaniloquo
1215 2089 1359 2183 disputo·

147 2192 255 2276 sione,
288 2186 488 2282 syllogismis
511 2184 704 2270 dialeslicir,
744 2184 796 2258 rol
830 2183 983 2258 Tulliana
1006 2182 1194 2276 facundia:
1238 2185 1363 2280 quibus

147 2284 271 2361 verbis
300 2280 488 2376 Augustini
535 2278 789 2376 disputationes
833 2281 879 2354 de
922 2281 1036 2379 gratia
1077 2281 1167 2353 haud
1219 2280 1364 2352 obscure

147 2377 385 2480 perstringere
402 2377 554 2453 videtur.
608 2396 641 2448 2.
666 2373 927 2449 Nonnullorurn
944 2377 1165 2466 Zelotarum‚
1191 2394 1250 2446 aut
1266 2373 1363 2468 iupe-

152 2476 338 2562 ritiorum,
367 2474 424 2546 vel
454 2468 657 2546 inconditae
693 2470 847 2566 phrases,
882 2473 940 2544 vel
972 2471 1129 2546 duriores
1159 2469 1364 2567 opiniones,

152 2571 281 2671 quibus
303 2566 491 2665 Augustini
516 2566 710 2640 doslrinam
734 2566 837 2640 nimis
869 2568 1124 2660 extenderunt,
1157 2567 1223 2642 acsr
1253 2567 1368 2643 libero

149 2666 302 2743 arbitrio
319 2684 357 2738 et
372 2662 519 2758 pietatis
540 2660 654 2735 studio
671 2660 931 2752 adversaretur,
958 2663 1019 2738 lric
1042 2688 1181 2762 quoque
1206 2667 1243 2737 in
1281 2687 1368 2740 ceu·

151 2765 229 2840 sum
256 2761 380 2835 venire
404 2758 554 2854 possunt.
604 2759 701 2830 Inter
725 2758 926 2832 Monaclros
951 2759 1204 2834 Adrumetinos
1226 2759 1369 2834 fuerunt

92 2920 96 2927 .
151 2857 279 2948 multi,
311 2876 375 2952 per
401 2853 580 2950 epistolam
609 2851 797 2948 Augustini
823 2854 865 2928 ad
899 2854 1043 2946 Siarum,
1074 2854 1194 2954 postea
1217 2853 1264 2927 Pa
1291 2879 1370 2946 am,

151 2951 319 3056 quaeest
346 2974 437 3041 105,
469 2969 631 3044 tanquam
655 2950 767 3022 libero
791 2948 935 3024 arbitrio
960 2950 1193 3047 contrariam,
1225 2971 1248 3020 o
1280 2949 1374 3044 ensr,

151 3049 310 3131 utmodo
327 3045 462 3121 notavi.
511 3067 544 3137 3.
562 3047 688 3118 Robur
701 3044 836 3120 addidit
856 3043 994 3122 novitas
1011 3045 1193 3122 doetrinae
1208 3043 1376 3143 Augusti·

153 3149 198 3227 ni
221 3147 266 3222 de
290 3142 442 3219 absoluta
472 3139 809 3237 praedestinatione,
842 3161 881 3214 er
936 3142 1043 3231 ratio,
1073 3141 1261 3217 secundum
1295 3166 1375 3227 carra

155 3247 258 3332 data,
296 3239 436 3337 semper
467 3235 630 3311 efficace:
671 3255 772 3331 quarn
803 3165 1002 3331 siguino
1032 3234 1135 3312 fuisse
1177 3238 1375 3337 abjestam,

155 3334 304 3436 Prosper
320 3335 360 3410 in
392 3329 494 3430 epist.
527 3333 569 3406 ad
601 3326 833 3430 Augustinum
865 3332 991 3425 tradit,
1030 3331 1151 3410 dicens
1182 3336 1226 3412 de
1262 3340 1377 3413 Serni-

153 3432 370 3537 pelagianis;
401 3427 645 3525 obflrnorirrrrm
664 3427 766 3525 suam
796 3427 957 3528 vetustate
980 3428 1156 3526 defendunt
1180 3460 1235 3490 *-
1250 3469 1305 3490 ·-
1321 3438 1378 3491 -ἓ

153 3557 180 3609 a
206 3533 293 3605 nullo
316 3550 466 3622 ‚omnam
498 3524 798 3625 Eccleſsasticorurr
828 3531 880 3601 ira
913 3524 973 3623 effe
1005 3530 1184 3622 inrellerra,
1223 3544 1260 3619 or
1294 3554 1380 3612 nuno

144 3627 374 3731 fintiarrtar,
415 3623 604 3719 adfirmem,
667 3623 867 3717 Respondit
907 3640 1043 3703 tantum
1080 3618 1293 3724 Augustinus
1334 3631 1381 3706 de

153 3721 390 3824 praedestinat.
414 3743 446 3794 c.
483 3742 539 3810 14
583 3718 718 3791 Veteres
730 3717 883 3814 seuerior
906 3719 968 3820 offe
1002 3724 1140 3814 locutor,
1181 3722 1263 3833 paors
1290 3729 1381 3803 nulla

160 3841 240 3895 uror
258 3821 358 3896 adlato
381 3832 466 3891 nora
484 3814 561 3912 effer
582 3814 732 3906 haereſse.
785 3820 955 3895 cerebrm·
978 3821 1150 3909 Veteres,
1186 3838 1225 3894 ιη
1256 3823 1383 3918 primis

162 3915 237 3992 sec.
262 3916 353 4006 N,
377 3916 496 4010 plures
515 3932 587 3984 non
612 3913 703 3986 adeo
724 3911 857 3989 alienos
878 3910 981 3992 fuisse
1003 3917 1045 3992 ad
1071 3912 1296 4012 opinionibus
1321 3922 1386 3993 Se·

157 4010 434 4191 ailiam
442 4006 914 4203 dyedperafflkrgvffietnte,
939 4008 1283 4194 {peesshcpnpeffifimul
1314 4012 1383 4090 sta·

247 4131 291 4281 εἰ
444 4167 461 4177 ”
710 4130 922 4282 nsaiffl‘
1215 4136 1261 4214 μ
1260 4134 1284 4189 ⁰
1309 4134 1369 4294 fin
1373 4223 1388 4301 s
