3074 4838
552 740 555 747 .
674 672 780 752 Saul.
804 670 873 754 IV.
1312 698 1390 784 315

156 856 304 936 tirinotn
322 852 559 956 Episcopum,
601 853 690 933 ficut
712 855 801 933 fecit
833 855 985 954 Gregor.
1022 851 1174 953 Nyiien.
1199 855 1304 957 epist
1337 861 1383 941 ad
1505 932 1508 938 .

154 954 335 1032 Sebasten.
360 957 449 1053 apud
474 952 706 1051 zacagnium,
732 955 769 1028 in
791 956 958 1028 colludant.
981 970 1171 1031 monument.
1191 973 1259 1033 oet.
1310 959 1382 1036 Sed

157 1051 367 1128 Marcellum
394 1075 553 1148 :anquam
570 1054 801 1127 sabellianum
826 1049 1029 1144 perstrinxit
1055 1050 1212 1128 Hilarius
1236 1055 1280 1128 de
1298 1054 1381 1128 Tri·

157 1164 270 1223 putate
292 1151 315 1223 Ι.
340 1149 425 1223 vu.
451 1168 489 1221 et
514 1148 686 1244 chrysost.
713 1149 835 1221 homil.
864 1149 948 1219 VII.
975 1147 1015 1218 ad
1043 1147 1152 1241 joir„
1179 1170 1214 1223 et
1242 1151 1309 1227 VI.
1337 1154 1378 1227 iu

154 1241 222 1341 Ep.
250 1246 293 1320 ad
311 1246 484 1340 Philipp,
511 1245 568 1317 ubi
586 1243 738 1318 statuere
753 1244 902 1331 dicitur,
926 1261 1017 1337 uapor
1023 1244 1202 1341 sermonem
1218 1247 1289 1321 Dei
1307 1247 1379 1322 effe

155 1353 308 1440 meysam
342 1344 595 1437 operationem..
629 1343 727 1413 Plura
759 1343 819 1435 qui
850 1341 894 1410 de
925 1362 992 1412 trac
1024 1339 1225 1434 quaestione
1259 1344 1377 1435 veut,

153 1459 257 1514 aue-at
282 1437 519 1514 Moutiaicou.
544 1440 584 1511 in
610 1435 778 1527 diatriba,
811 1435 993 1534 praemiffa
1024 1434 1226 1511 couetuoni
1258 1461 1376 1516 nuvae

153 1554 244 1611 tum.
268 1537 317 1613 11.

319 1768 327 1775 -
433 1685 438 1691 ’
567 1723 949 1802 Macuuorururut.

201 1915 237 2016 ς.
259 1916 448 1991 ccxclu.
486 1919 722 2006 Mocedooius,
765 1916 857 1990 unde
887 1913 1139 1991 Macedoniani
1171 1913 1249 1991 sunt
1281 1915 1379 2011 orti,

153 2020 242 2087 ertit
262 2017 464 2108 plumariae,
505 2018 564 2087 ieu
596 2014 797 2112 acupiiior,
840 2013 974 2086 dicitur
1009 2016 1051 2086 ab
1079 2011 1307 2110 Hieronymo
1334 2017 1375 2093 iu

155 2109 308 2200 cirron„
331 2111 390 2183 sed
418 2129 571 2197 temere,
606 2129 644 2183 et
668 2134 713 2186 ex
735 2110 825 2183 maie
852 2107 1033 2181 intelletto
1052 2107 1158 2181 titulo
1180 2117 1376 2209 emanda-

153 2234 218 2286 ns,
239 2230 309 2303 quo
331 2204 432 2279 vafer
455 2207 664 2297 denotatur,
696 2231 776 2281 curn
802 2213 952 2289 uantum
974 2205 1016 2277 stt
1041 2202 1243 2300 acupietor:
1276 2209 1374 2304 quod

152 2302 313 2409 Scaliget
337 2304 379 2374 ad
403 2300 525 2375 Eustb.
548 2301 618 2397 jam
646 2303 868 2393 observavit,
905 2324 1007 2399 quem
1039 2300 1109 2373 stne
1135 2298 1241 2374 solida
1265 2304 1374 2376 ratio·

151 2420 201 2474 ue
231 2397 415 2493 castigavit
443 2397 648 2472 Tillemont.
683 2400 840 2472 Memor.
876 2397 1007 2472 Eccles.
1034 2414 1060 2469 t.
1087 2395 1156 2469 VI.
1182 2419 1217 2491 p.
1242 2397 1307 2472 111.
1333 2395 1374 2473 iu

147 2512 227 2581 not,
251 2491 294 2567 ad
319 2492 438 2589 Arion.
475 2493 666 2592 Episcopus
690 2494 792 2568 CPol.
824 2516 890 2590 qua
919 2491 1054 2566 ratione
1086 2489 1196 2564 fuitus
1221 2491 1292 2585 est,
1333 2492 1374 2569 in

151 2591 273 2664 iocum
296 2588 459 2700 Euseitii,
484 2612 512 2664 a.
541 2614 645 2685 342„
671 2591 769 2686 supra
791 2589 853 2664 suo
869 2592 949 2664 loco
976 2586 1125 2699 narraui.
1175 2587 1246 2702 §ed
1273 2587 1372 2687 post·

150 2684 1371 2879 iuditii?iiiiiiriiifiiiissuiridi¹252&

153 2880 272 2970 ande,
311 2877 385 2952 uid.
417 2896 455 2951 et
489 2880 624 2954 socrat.
659 2878 709 2953 H.
733 2879 781 2950 ll:
805 2901 865 2970 42.
896 2882 995 2954 addit
1022 2879 1209 2952 Sozomen.
1235 2880 1304 2954 lV:
1333 2902 1371 2973 3,

150 2994 191 3049 et
216 2994 273 3050 20.
307 2973 319 3047 i
346 2975 418 3047 sum
452 2974 653 3048 Catholicos
685 2973 785 3045 valde
820 2975 988 3060 vexaffe,
1029 2972 1136 3045 etiarn
1166 2973 1209 3046 ad
1243 2996 1372 3050 necem

150 3068 270 3167 usque:
315 2996 405 3151 iod,
447 3089 487 3144 ut
517 3069 608 3142 idem
634 3070 697 3141 111:
719 3091 758 3176 J.
783 3069 909 3158 tradit,
949 3069 1144 3174 incurrerat
1186 3069 1224 3169 in
1248 3070 1371 3144 odium

151 3162 360 3241 Constantii.
411 3165 601 3277 Depofitus
624 3163 695 3238 sese
717 3183 752 3235 tn
777 3164 893 3239 locum
915 3163 1017 3260 juxta
1041 3164 1134 3234 urbis
1161 3184 1282 3258 portas
1307 3189 1366 3240 re.

153 3258 274 3359 cepit,
303 3262 443 3359 seseque
466 3262 517 3335 tbi
541 3259 706 3336 Eudoxio
737 3281 778 3333 ac
803 3260 940 3333 Acacio
967 3257 1152 3354 opposuit,
1183 3259 1281 3335 simui
1305 3283 1372 3337 no·

150 3378 233 3435 vam
268 3357 432 3433 condidit
473 3358 649 3446 haeresin,
682 3359 820 3432 Sozom.
849 3357 916 3432 IV:
944 3361 1059 3429 26:¹-
1082 3352 1372 3436 semi-arianismi

150 3454 287 3532 scilicet
311 3453 447 3543 fautor,
475 3456 601 3528 Filium
621 3477 692 3528 non
713 3473 848 3529 tantum
865 3453 957 3528 dixit
973 3451 1134 3549 iporiam,
1157 3454 1209 3530 ita
1229 3475 1370 3545 tamen,

147 3571 193 3629 ut
212 3551 248 3626 in
272 3551 375 3625 Patre
397 3568 434 3624 et
457 3552 547 3625 Filio
574 3572 678 3625 unam
706 3553 925 3646 potentiam,
961 3571 998 3623 et
1024 3553 1168 3626 eandem
1197 3553 1372 3628 confessos

152 3648 198 3727 stt
221 3667 399 3736 naturam,
423 3644 514 3721 teste
538 3648 661 3721 Leone
681 3641 736 3719 ML
763 3649 854 3744 Papa
878 3644 978 3722 seem.
1003 3645 1194 3737 xxlssuo,
1227 3645 1372 3740 sedet,

151 3743 200 3823 de
223 3764 293 3842 quo
314 3740 536 3830 Semiuriani
561 3735 735 3840 hueusque
759 3742 942 3839 siluerant,
966 3741 1030 3818 nist
1048 3743 1141 3841 quod
1159 3742 1352 3823 Eunomiua

152 3839 846 4013 rrirretiti:piritu
860 3838 1377 4034 “iifuifiudtiiiiud:

154 4052 271 4111 turam
295 4028 364 4105 effe
386 4031 490 4124 Filii,
533 4056 579 4108 eo
605 4052 643 4107 et
668 4032 778 4130 gradu
810 4047 848 4107 et
873 4034 1037 4134 potentia
1060 4029 1305 4121 inferiorem,
1328 4049 1379 4115 ex

151 4128 375 4236 Angelorum
397 4129 546 4226 ordine,
575 4128 635 4207 sed
657 4130 833 4301 polanum,
870 4147 1064 4230 perquem
1090 4128 1193 4208 Deua
1213 4125 1381 4304 itoffie

145 4254 172 4293 ·.
286 4284 295 4299 ,
595 4288 599 4295 .
753 4244 817 4300 r2
1357 4250 1388 4310 2.
