3074 4838
666 702 867 792 scurra
995 712 1003 749 ¹
1295 730 1367 806 251
1443 677 1448 685 ’

163 912 217 1069 qur
237 891 352 972 Sidon.
375 892 535 992 Apollin.
570 893 593 972 l.
617 893 682 971 IX.
705 918 765 994 ep.
790 915 824 989 3.
857 887 917 969 ubi
942 891 1009 971 alla
1033 889 1175 992 profert
1199 893 1363 991 exempla

186 1016 292 1070 avaro.

202 1090 234 1191 q.
259 1086 492 1165 CCXXXVI.
527 1107 560 1162 n.
585 1087 685 1162 Vota
711 1084 931 1178 Monallica,
956 1086 1081 1185 quibus
1104 1086 1243 1162 adhoc
1267 1085 1365 1161 vitae

154 1212 262 1289 geum
287 1184 440 1262 firmiter
462 1183 721 1280 adligabantur‚
746 1200 849 1256 antea
871 1182 1015 1280 ignota,
1041 1182 1188 1260 Clericis
1211 1184 1280 1260 suis
1291 1184 1364 1281 jam

150 1281 370 1384 praescripsit
404 1279 637 1377 Augustinus,
681 1278 740 1354 sed
765 1277 885 1372 postea
918 1279 1108 1376 praecipue
1141 1280 1365 1356 invaluerunt

179 1403 218 1455 er
240 1376 491 1466 Beneditlum3
532 1398 600 1449 nec-
617 1386 702 1451 'tunc
730 1374 952 1470 suppliciter,
995 1394 1033 1449 ut
1058 1392 1182 1467 antea,
1223 1376 1366 1451 fuerunt

205 1476 345 1549 bilitat'is
360 1496 466 1562 vota,
491 1470 684 1560 sed,‚inte‚r
699 1468 970 1563 Benedieiinos,
988 1472 1229 1570 paupertatis,
1254 1473 1366 1547 conti-

154 1576 320 1658 nentiae,
347 1592 391 1643 ac
409 1566 650 1658 obedientiae,
677 1587 838 1666 tanquam
856 1568 950 1647 vitae
969 1567 1182 1643 monasticae
1198 1568 1366 1667 insignia,

146 1670 235 1744 licet
261 1687 432 1740 nontam
462 1686 507 1737 ex
532 1682 722 1762 praecepto
757 1666 897 1762 regulae
919 1664 1122 1753 Benedicti,
1164 1688 1265 1763 quam
1293 1666 1368 1761 eJus

150 1760 450 1861 interpretatione
473 1781 624 1858 recepta.
674 1763 731 1835 De
762 1785 833 1857 quo
858 1759 987 1857 postea.
1041 1785 1073 1857 3.
1099 1760 1297 1858 Opiniones
1320 1762 1368 1835 de

148 1879 360 1962 paupertate
384 1876 421 1932 et
452 1857 650 1946 coelibatu,
677 1875 838 1952 tanquam
866 1857 1018 1930 consiliis
1037 1857 1268 1956 euangelicis,
1295 1877 1380 1933 non·

150 1954 375 2057 praeceptis,
408 1974 497 2048 quae
525 1951 706 2026 observata
728 1955 835 2048 majus
859 1951 1020 2026 adferunt
1042 1954 1259 2050 praemium,
1292 1954 1370 2051 qui·

154 2059 220 2127 bus
246 2049 366 2147 postea
391 2047 458 2122 fuit
485 2048 723 2122 Monachatus
753 2045 1024 2145 superstruitur,
1065 2050 1276 2124 invalescere
1295 2054 1369 2151 jam
1442 2070 1445 2075 ·
1503 2104 1507 2119 .

154 2150 229 2223 hoc
252 2146 319 2222 sec.
345 2160 552 2243 coeperunt.
600 2145 658 2217 De
688 2143 896 2243 virginitate
921 2143 1029 2220 simile
1062 2143 1145 2242 quid
1167 2146 1239 2238 jam
1264 2146 1371 2221 habet

155 2246 354 2343 Cyprianus
369 2239 413 2313 de
429 2241 544 2314 lralritu
559 2244 730 2336 uirginum.
767 2239 979 2337 Virginitas,
1005 2239 1119 2337 inquit
1135 2241 1371 2341 Hieronym,

152 2341 196 2419 in
210 2337 318 2435 Epist.
344 2335 388 2421 ad
406 2335 577 2424 Philem.,
600 2352 768 2436 propterea
785 2343 908 2434 majore
924 2343 1069 2430 praemio
1084 2351 1275 2426 coronatur,
1299 2345 1375 2434 quia

150 2452 361 2535 praeceptum
384 2432 520 2505 Domini
540 2456 599 2505 non
624 2436 741 2521 lraltt,
766 2450 798 2506 et
823 2437 911 2506 ultra
937 2436 1086 2525 inperata
1100 2431 1143 2529 se
1161 2435 1283 2505 tendit:
1311 2433 1372 2531 qui

154 2531 266 2609 etiam
284 2529 388 2619 alibi,
412 2546 452 2603 ut
469 2552 525 2627 ep.
543 2528 585 2604 ad
601 2525 852 2620 Eustochium,
882 2544 919 2602 et
936 2536 1059 2603 'contra
1074 2527 1274 2625 Jovinian.‚
1299 2552 1372 2603 me·

153 2647 271 2704 morat
290 2622 432 2721 c'qnlilia
454 2623 673 2721 euangelica:
714 2622 786 2702 vid.
811 2626 915 2702 etiam
948 2624 992 2699 de
1017 2644 1226 2725 paupertate
1250 2627 1374 2701 volun·

157 2724 268 2816 taria,
303 2734 472 2819 'tanquam
505 2720 669 2812 consilio,
690 2739 747 2795 et
779 2744 849 2797 non
874 2741 1086 2820 praecepto,
1127 2724 1168 2798 ad
1194 2726 1375 2801 Hoditimn.

154 2820 232 2897 Hoc
249 2820 464 2896 continentiae
477 2840 602 2913 genus,
630 2817 745 2914 inquit
765 2817 966 2894 Ladlantius
980 2818 1094 2895 lnllia
1120 2820 1188 2893 Vl:
1215 2842 1272 2915 23,
1296 2844 1375 2917 qna·

149 2916 189 3015 fl
202 2916 385 3013 sulliginm
410 2910 477 3013 esi,
504 2920 699 3010 omniumque
722 2914 948 3010 consummatio
967 2917 1124 2989 uirtutum
1141 2933 1210 2989 etc.
1236 2914 1295 2988 ubi
1311 2916 1378 2989 eti·

153 3022 217 3089 am
239 3012 347 3105 modo
369 3009 528 3101 dixerat,
583 3014 643 3084 nod
663 3010 786 3107 quidem
810 3009 902 3083 Dens
927 3034 988 3082 non
1014 3015 1071 3105 ita,
1088 3012 1171 3106 fieri
1188 3015 1383 3107 proecepit,·

159 3126 320 3202 tanquam
343 3104 526 3203 adstringat
553 3037 650 3219 dquia
671 3108 823 3201 generari
846 3107 986 3177 immines
1012 3105 1153 3200 oportet)
1170 3107 1234 3200 sed
1250 3122 1381 3182 tantam

151 3201 277 3305 stunt,
308 3236 362 3257 -
380 3238 434 3258 -
453 3201 486 3294 ſs
511 3225 580 3296 qurs
596 3203 672 3293 linc,
697 3202 822 3297 inquit,
836 3197 957 3296 facere
968 3205 1130 3295 portarit,
1154 3200 1285 3277 iubebit
1308 3208 1382 3278 eai-¹

154 3304 260 3379 miani
283 3300 627 3397 memorabilemque
652 3296 837 3373 mercedem.
886 3298 946 3371 Sic
970 3317 1007 3372 et
1035 3298 1185 3396 GregOt.
1209 3297 1380 3380 NazianZ.

155 3400 260 3476 Orat.
284 3396 315 3470 1.
340 3394 377 3467 in
400 3394 596 3491 Julianum‚
631 3413 668 3469 et
692 3393 850 3469 Paulinus
871 3393 1035 3470 Nolanus
1057 3419 1113 3493 ep.
1142 3417 1174 3471 a.
1199 3397 1244 3472 ad
1269 3400 1383 3473 Seve-

157 3500 253 3572 rur'n.
293 3490 457 3566 Ambros.
483 3489 541 3567 lib.
573 3494 743 3567 desiduis
772 3512 849 3588 cap.
880 3512 936 3565 12.
961 3491 1069 3583 dicit,
1102 3516 1173 3582 eos,
1213 3495 1268 3590 qui
1286 3512 1384 3587 praa·

163 3602 295 3691 ceptum
307 3586 529 3683 inploratum,
546 3590 650 3664 dicere
663 3586 766 3685 pff,
775 3584 868 3684 serui
881 3587 1134 3685 inutilissimus
1149 3606 1240 3677 etc,
1263 3589 1383 3683 addit,

157 3690 220 3765 mc
241 3688 336 3781 uirgo·
360 3705 423 3756 non
439 3685 548 3773 dicit,
590 3709 649 3758 nort
673 3685 754 3758 dicit
778 3687 853 3775 ille,
887 3686 940 3778 qui
962 3687 1045 3758 bona
1058 3684 1126 3782 sna
1150 3687 1312 3776 uendidit3
1347 3708 1387 3765 et

157 3778 303 3885 p'ostea,
328 3780 407 3855 adet
427 3797 636 3879 praeceptum
660 3805 719 3853 non
743 3781 862 3871 datur,
887 3780 1051 3873 confilium
1074 3784 1182 3857 datar.
1231 3781 1319 3860 Vid.
1346 3803 1386 3862 et

160 3870 342 3975 chrysost.
368 3874 465 3949 hom.
491 3876 559 3952 Vl.
592 3877 885 3966 de'Poenitentia,
924 3878 1029 3953 etde
1062 3878 1268 3974 Virginitatr
1290 3879 1323 3980 q.
1348 3901 1391 3970 9⁴

158 3982 237 4053 etc.
286 3969 497 4067 Augustinus
521 3976 672 4072 quoque'
695 3973 740 4047 de
768 3973 865 4070 gefls's
889 3974 1020 4071 Pelagii
1053 3994 1132 4070 cap.
1163 3996 1219 4071 13.
1240 3976 1314 4073 pins
1339 3970 1389 4071 esl

159 4070 368 4167 uirginitas,
390 4066 504 4159 dicit,
529 4088 610 4165 quar
631 4096 692 4143 non
718 4067 978 4168 esiprartepta,
1003 4092 1097 4169 quarn
1114 4072 1298 4172 conjugalis
1313 4067 1389 4163 cas·

155 4168 280 4309 issar,
294 4163 663 4266 pampinatam-pi:
694 4167 769 4336 Seq
781 4164 1015 4275 'Theodorea
1035 4165 1273 4249 haeret-fab..
1288 4165 1318 4243 1.
1337 4164 1395 4245 Va

240 4288 255 4313 ³
777 4282 839 4338 ra
1196 4280 1201 4289 ’
1268 4281 1303 4342 c.
1329 4281 1388 4357 24.

493 4558 502 4627 l
