3008 4830
138 660 211 740 344
528 624 680 724 lhisorin
701 622 830 728 Erilis.
854 622 971 721 Ciuili.

580 807 921 887 LUCIFERIANI.

189 1003 220 1102 p.
246 1002 475 1078 CCCXVIII.
499 999 690 1075 Versatum
715 1025 855 1103 quoque
879 998 974 1078 circa
997 996 1220 1097 disciplinam
1241 998 1368 1080 Eccle-

139 1100 310 1177 siailicaur
346 1098 412 1175 fuit
447 1096 752 1181 Luciferiauorum
780 1095 953 1188 schisma,
996 1098 1130 1195 quippe
1172 1096 1212 1171 iii
1247 1123 1294 1172 eo
1324 1097 1366 1173 Ii·

140 1195 371 1365 tomd,stquod
396 1196 548 1360 Anapos
581 1218 654 1267 non
675 1215 847 1364 ‚tiitum’
885 1193 946 1302 sed
970 1214 1008 1362 eft
1032 1192 1363 1361 Psalivffiiawmv

137 1316 202 1463 h
229 1310 950 1495 hiltrihviisiiiralsir¹f⁰is⁰lli
979 1312 1361 1482 arsilirias

141 1506 183 1558 ac
208 1505 496 1557 communionem
530 1483 713 1570 colebant,
754 1484 798 1556 ab
824 1479 976 1556 Ecclefia
1007 1478 1078 1554 elie
1102 1484 1368 1573 removendos,

149 1599 208 1670 et,
234 1601 314 1652 cum
335 1578 416 1650 illud
433 1576 611 1671 inpetrare
629 1599 701 1648 non
718 1575 879 1673 possent,
904 1577 947 1651 ab
970 1576 1044 1674 ipsa
1068 1575 1247 1651 Ecclesiae
1263 1600 1359 1652 coni·

139 1675 308 1750 munione
343 1671 412 1745 effe
441 1670 712 1761 discedendum,
751 1671 946 1748 statuerint.
994 1669 1230 1747 Occasionem
1260 1695 1380 1770 prae·-

59 1770 64 1781 '
146 1773 225 1851 buit
255 1767 442 1862 multiplex
465 1765 719 1863 Episcoporum
742 1768 817 1864 ejus
850 1766 1019 1863 temporis
1052 1769 1225 1859 variatio,
1265 1780 1358 1867 qua,

139 1892 207 1966 pro
239 1883 443 1958 temporum
475 1862 698 1956 diversitate,
738 1864 844 1938 modo
882 1863 1103 1954 Catholicos,
1142 1865 1252 1938 modo
1283 1866 1356 1941 sese

138 1958 398 2129 prfofitebautur
421 1958 592 2128 Ariassos:
656 1983 719 2071 uos
737 1960 1266 2131 praevalisimmffadiefflcii
1285 1960 1361 2131 Lu}

136 2078 303 2135 ciertani
364 2076 432 2129 uec
484 2078 549 2130 nri
573 2078 612 2129 in
685 2077 818 2131 icorum
911 2078 969 2128 utn
994 2079 1015 2128 e
1043 2078 1088 2129 en
1127 2079 1147 2129 r
1322 2078 1343 2131 e

137 2109 332 2249 legitimari
359 2107 509 2246 egissent
540 2147 815 2246 poenitentiam,
853 2151 1090 2225 admittendos
1123 2148 1193 2227 effe
1216 2110 1360 2247 cerisuef

137 2267 240 2325 runt:
272 2250 370 2324 secus
394 2266 435 2317 ac
457 2244 603 2341 synodo
629 2244 887 2320 Alexandrinae
912 2247 973 2322 sub
996 2246 1189 2321 Athanasio
1212 2270 1246 2324 a.
1274 2256 1359 2345 362.

137 2347 250 2424 visum
285 2343 429 2431 fuerat,
473 2360 512 2414 et
547 2339 739 2414 decretum.
794 2342 851 2415 Ab
881 2365 927 2414 eo
961 2341 1058 2415 enim
1091 2361 1254 2440 tempore
1287 2344 1359 2420 sese

47 2474 51 2479 ·
138 2444 291 2520 maxime
317 2459 517 2533 opponere,
551 2456 589 2509 et
615 2440 657 2512 ab
683 2436 836 2510 Ecclesia
857 2434 1035 2533 separare,
1069 2458 1108 2512 ut
1132 2460 1216 2513 mox
1240 2446 1358 2516 narra·

139 2528 206 2628 ho,
240 2534 372 2630 coepit.
420 2532 520 2605 Fidei
545 2555 631 2606 vero
661 2532 820 2628 respectu
852 2532 936 2607 nihil
969 2536 1011 2608 ab
1042 2534 1194 2611 Ecclefia
1227 2536 1356 2612 disere·

106 2689 109 2696 -
137 2651 288 2732 parunt,
329 2647 368 2701 ut
392 2627 605 2734 Augustinus
630 2627 761 2701 haeres.
785 2628 950 2708 LXXXI.
975 2628 1125 2721 indicat,
1161 2649 1198 2704 et
1223 2631 1359 2709 libellus

163 2750 282 2801 recum
309 2722 508 2797 Marcellini
530 2745 570 2794 ac
593 2721 744 2796 Faustini
769 2747 787 2796 a
816 2724 860 2799 ud
883 2725 1105 2799 sirmondum
1129 2727 1242 2822 Oper.
1267 2749 1354 2806 tom.

135 2755 168 2900 l).
193 2824 284 2898 clare
309 2816 533 2894 demonstrat.
553 2910 561 2925 ·
586 2820 731 2892 Oblatus
756 2747 813 2892 cti
829 2818 894 2927 iste
924 2821 1057 2894 libellus
1080 2822 1357 2920 Valentiniano,

136 2915 342 2998 Theodosio
367 2933 406 2988 et
432 2911 608 3006 Arcadio,
650 2935 687 2989 et
711 2939 730 2989 a
754 2915 982 2991 Luciferianis
1013 2917 1248 3015 conscriptus.
1295 2922 1355 3000 Ex

136 3043 228 3118 quo,
254 3035 341 3109 quae
367 3010 411 3085 de
426 3008 615 3100 ¹schismate
639 3011 783 3104 tradidi,
809 3015 920 3110 petita
944 3012 1033 3089 suut.

171 3113 218 3209 ‚§.
244 3108 432 3184 CCCXIX.
465 3106 624 3203 Lucifer,
658 3110 871 3186 caralitanus
894 3109 933 3183 in
959 3106 1111 3184 Sardinia
1134 3109 1357 3212 Episcopus,

136 3228 241 3283 autor
264 3204 476 3298 schismatis,
518 3206 577 3302 qui
610 3205 705 3279 miris
734 3205 949 3298 extollitur,
977 3207 1012 3280 in
1036 3203 1154 3281 libello
1185 3208 1249 3283 illo
1271 3213 1356 3308 p're-

137 3326 238 3390 cum,
264 3302 438 3388 laudibus,
463 3321 624 3397 tanquam
652 3300 771 3396 quiin
797 3319 982 3377 contemtu
1004 3301 1129 3392 seculi,
1161 3304 1262 3380 vitae
1283 3332 1355 3404 pu.

134 3399 261 3484 ritate,
303 3396 386 3469 fidei
410 3393 624 3482 constantia,
667 3413 703 3467 et
724 3392 838 3468 studio
863 3397 993 3495 Script.
1018 3400 1053 3474 S.
1087 3397 1266 3476 neminem
1295 3403 1360 3481 ha.

134 3495 214 3574 buit
238 3491 444 3579 secundum,
485 3492 528 3563 ab
554 3488 633 3587 ipso
663 3512 799 3586 quoque
824 3492 1034 3584 Athanasio,
1073 3496 1171 3590 cujus
1194 3497 1286 3572 duae
1311 3500 1357 3578 ad

134 3594 249 3692 ipsum
273 3585 406 3663 exstant
433 3584 600 3682 episiolae
632 3584 671 3659 in
697 3588 860 3681 operibus
884 3589 1062 3665 Athanasii
1097 3609 1184 3666 tom.
1209 3593 1258 3669 II.
1295 3594 1356 3673 in·

133 3686 242 3789 pense
275 3684 457 3770 laudatur3
499 3683 556 3754 vir
587 3680 656 3755 fuit
691 3684 874 3759 severioris
906 3706 944 3760 et
976 3684 1161 3781 asperioris
1193 3685 1357 3786 indolis,

135 3786 289 3896 scriptor
311 3781 439 3876 ingenio
455 3781 561 3875 juxta
590 3793 622 3850 et
645 3775 720 3874 llilo
739 3780 866 3871 durus,
902 3781 1038 3879 judicio
1061 3806 1200 3882 quoque
1226 3785 1358 3863 Casan·

135 3886 224 3965 bonr
247 3878 290 3953 ad
307 3875 550 3975 spartianum,
573 3875 761 3951 acerrimus
785 3875 994 3952 Arianorum
1019 3879 1128 3953 hostis
1150 3894 1187 3951 et
1208 3902 1258 3976 op
1287 3908 1309 3958 u
1337 3925 1357 3947 .

136 4000 256 4066 nator;
297 3993 336 4048 et
367 3990 555 4070 propterea
583 3993 647 4144 per
676 3972 799 4047 decem
832 3995 942 4047 annos
974 3975 1012 4050 in
1043 3974 1153 4050 exilio
1179 3906 1285 4051 versP

1309 3909 1339 3983 8

1258 3997 1348 4058 atus.

124 4071 299 4182 'Inpendit
321 4093 427 4164 vero,
471 4091 556 4150 cuin

617 4064 737 4151 usebio
770 4067 1018 4167 Vercelleuse,
1058 4074 1347 4246 perpetum?

717 4244 719 4249 ,
753 4240 760 4258 ,
1320 4190 1346 4247 e
