3008 4830
126 682 212 770 ‘dib
526 676 677 778 ffifloria
694 668 827 779 Eccles.
853 679 970 780 ciria.

143 873 183 947 in
210 864 328 967 specie
353 857 633 936 matrimonium·
650 879 731 931 curn
768 857 850 958 ipsrs
866 860 961 933 inire
993 857 1111 950 nesas3
1143 875 1185 934 ιιι
1203 872 1356 941 ‘emona

148 964 338 1042 Laodicen.
365 981 423 1055 31.
450 976 488 1031 et
518 952 678 1030 Illiberit.
709 953 852 1032 habent.
904 955 1104 1053 Proscripta
1135 954 1248 1030 etiarn
1287 957 1354 1033 suu

148 1055 319 1162 ejusmodi
343 1052 507 1151 conjugia
538 1052 581 1125 ab
604 1047 790 1124 Ambrosio
814 1051 924 1126 variis
947 1052 982 1125 in
1014 1051 1118 1142 locis,
1150 1053 1202 1125 uti
1222 1051 1294 1128 lib.
1321 1050 1357 1126 11

149 1161 196 1235 de
220 1152 439 1236 Abrahamo,
463 1147 508 1222 ad
530 1146 581 1221 Ps.
605 1146 774 1222 CXVIII.
798 1167 836 1219 et
861 1149 966 1223 alibi:
994 1149 1191 1238 incertum,
1216 1170 1309 1222 num
1334 1166 1355 1222 e

140 1277 196 1329 *ea
220 1248 359 1325 dissolvi
377 1242 559 1321 voluerit?
585 1243 706 1339 utiquc
724 1264 791 1338 pro
810 1245 910 1319 nullis
931 1245 1094 1319 declarat.
1142 1245 1264 1318 Canon
1280 1246 1357 1319 Lao

138 1349 297 1425 *dicenus
322 1343 437 1417 sextus
464 1340 570 1414 etiarn
599 1338 786 1412 haereticis
811 1337 996 1413 interdixit
1028 1334 1167 1435 ingreffir
1191 1344 1224 1412 in
1249 1341 1357 1414 Eccte

147 1444 256 1541 fiam,
295 1439 431 1514 scilicet
455 1436 537 1509 dum
570 1435 661 1511 sacra
686 1435 963 1531 peragebantur,
1000 1456 1039 1510 ut
1071 1456 1186 1509 canon
1216 1434 1357 1511 concili

154 1537 356 1636 Carthagin.
381 1535 468 1609 IVrr‘
488 1533 616 1621 habet,
648 1554 720 1603 cum
744 1531 917 1605 haereticis
941 1555 1000 1606 ner
1022 1532 1174 1604 orandam
1201 1555 1260 1603 nec
1274 1530 1357 1629 psas

147 1637 301 1725 lendum,
327 1631 555 1725 ceteroquin,
582 1626 693 1699 audire
709 1627 838 1700 rerbrnn
859 1625 927 1700 Dei
949 1630 983 1700 in
997 1625 1169 1720 Ecclrfia,
1196 1627 1278 1723 ipsrs
1297 1648 1358 1703 nor

148 1730 232 1808 'suit
255 1728 427 1814 vetitum,
467 1724 574 1821 usque
596 1720 790 1796 admissam
807 1724 1166 1809 Catechur'nenorum,
1190 1745 1229 1796 ut
1254 1746 1358 1798 canor

156 1827 252 1904 istius
276 1820 418 1898 concilii
445 1829 501 1912 84.
527 1819 654 1907 docet,
679 1838 716 1890 et
740 1818 879 1893 aliunde
901 1816 1048 1892 constat.
1101 1840 1133 1911 3.
1161 1818 1246 1893 Nec
1271 1821 1358 1894 intrr

148 1927 225 1998 'hos
254 1919 385 1992 limites
420 1913 541 1990 rnansrt
573 1912 713 2011 spiritur
734 1911 1007 2010 persecutionis,
1040 1913 1097 1988 sed
1126 1915 1268 1989 ulterius
1290 1937 1359 2011 pro

155 2016 268 2092 cellit.
317 2011 508 2088 Nonnullis
531 2009 628 2085 enim
652 2011 688 2083 in
704 2008 836 2084 casibus
859 2040 895 2087 c.
914 2008 1042 2084 muscia
1069 2007 1147 2108 ipsus
1171 2007 1241 2085 suit
1266 2010 1358 2108 inpo

150 2113 244 2203 istra,
286 2131 343 2185 err.
370 2131 421 2205 gr.
450 2130 506 2181 ιο.
532 2105 698 2179 librarum
721 2106 820 2181 auri:
860 2129 1002 2204 quarum
1027 2106 1143 2204 legum
1168 2106 1269 2200 saepe
1297 2128 1359 2180 tne

152 2208 269 2284 nrinit
296 2201 464 2303 August„
489 2199 540 2273 uti
566 2223 624 2296 ep.
648 2222 707 2290 50.
732 2199 775 2273 ad
792 2200 1041 2289 Bonifaciunr,
1068 2210 1126 2283 68.
1151 2201 1194 2276 ad
1212 2200 1359 2298 Januari

159 2329 241 2395 um,
268 2322 391 2375 contra
406 2297 567 2370 Crescon.
594 2295 615 2370 l.
640 2295 707 2367 111.
731 2316 762 2369 c.
779 2317 839 2389 47.
891 2301 930 2385 β.
954 2295 1038 2371 Aur
1056 2299 1187 2374 suntin
1203 2296 1353 2372 exilium

162 2401 217 2478 uti
243 2395 367 2475 Ariani
390 2418 409 2467 a
431 2390 661 2469 Constantino
678 2391 754 2474 M.,
780 2410 818 2466 et
835 2392 1041 2467 Donatistae
1066 2395 1109 2467 ab
1130 2416 1195 2482 eo,
1222 2413 1260 2465 et
1275 2394 1352 2468 aliis

155 2495 312 2596 vAugust.
337 2517 393 2589 ep.
423 2496 503 2564 166.
552 2518 588 2584 γ.
612 2485 770 2582 Flagellis
794 2511 932 2584 quoque
957 2488 1064 2578 caesi,
1105 2506 1291 2585 antequam
1315 2513 1359 2565 ex

164 2597 388 2692 pellerentur.
440 2588 605 2658 Ceterum
622 2583 666 2656 de
679 2580 895 2674 flagellorum
912 2582 1163 2677 castigatione,
1179 2586 1216 2658 in
1237 2584 1359 2661 'udicii

167 2693 210 2762 ab
235 2681 419 2780 Episcopis
444 2679 619 2787 adniloita,
646 2674 789 2786 testatur
814 2678 961 2777 August.
986 2703 1042 2774 ep.
1069 2701 1128 2771 59.
1154 2681 1196 2754 ad
1222 2609 1360 2758 ituree]

165 2786 274 2857 linum
301 2779 344 2850 de
362 2773 566 2848 Donatistis.
607 2775 690 2845 Fuit
715 2796 852 2871 quoque
875 2779 908 2849 in
926 2773 1078 2848 Ecclefia
1094 2777 1290 2850 Arelatensr
1315 2774 1360 2852 ufi

166 2898 240 3049 {lt-³
257 2867 1138 3063 ilmllleissssllffidlssillinvll'ecfilla‘illll
1162 2871 1360 3044 laiss}

167 3067 368 3154 clesurstica3
395 3082 433 3137 ut
452 3087 495 3137 ex
520 3065 579 3138 lib.
606 3065 667 3139 IX.
694 3085 748 3159 ep.
776 3069 834 3137 66.
862 2991 1026 3159 Gregoiii
1042 2993 1184 3159 patet.p
1201 3068 1232 3134 δ.
1257 3063 1356 3154 Quid

169 3165 264 3264 quod
282 3165 338 3238 lex
355 3158 463 3236 suerit
478 3186 497 3234 a
514 3159 717 3234 Theodosro
733 3162 789 3235 M.
814 3185 844 3234 a.
871 3170 951 3255 382.
977 3162 1064 3248 lata,
1082 3158 1125 3230 de
1144 3160 1279 3232 summo
1299 3161 1361 3236 hac

168 3262 361 3334 reticorurn
386 3257 578 3351 supplicio,
618 3280 706 3350 quae
730 3257 766 3326 in
793 3255 872 3329 cod.
899 3255 1038 3328 Theod.
1064 3256 1085 3329 l.
1111 3277 1141 3327 c.
1175 3254 1309 3344 exstat,
1344 3281 1361 3331 e

169 3359 213 3430 ab
238 3352 405 3427 Honorio
429 3351 465 3420 in
490 3350 722 3421 Manichaeos
747 3347 798 3420 est
819 3369 1007 3437 renovata,
1040 3347 1144 3424 ibid.:
1172 3350 1196 3424 fi
1228 3352 1358 3447 capital

160 3453 240 3526 'hoc
265 3444 470 3540 supplicium
495 3465 566 3516 non
599 3440 707 3515 suerit
732 3440 850 3539 postea
875 3444 955 3518 cod.
990 3444 1238 3520 Theodofiano
1273 3447 1361 3522 inser

172 3571 268 3632 turn,
301 3542 396 3637 quod
421 3539 605 3612 Balduinus
621 3535 722 3633 epist.
749 3538 790 3611 ad
809 3537 1050 3630 Cassandrum,
1087 3542 1180 3614 inter
1211 3541 1361 3637 Epistola

170 3644 372 3737 Belgarum,
409 3655 542 3708 centur.
571 3637 600 3707 1.
625 3656 681 3729 ep.
704 3657 762 3709 ιι.
785 3638 992 3727 contendit,
1018 3637 1174 3711 crudeles
1201 3639 1267 3712 hae
1285 3642 1362 3739 lege

163 3736 272 3816 «statui
298 3735 447 3818 debent,
475 3749 638 3804 nontam
663 3749 701 3802 ut
717 3731 919 3806 executioni
936 3732 1163 3822 mandentur,
1190 3758 1294 3830 quarn
1311 3756 1362 3812 ter

168 3856 290 3910 rorem
313 3825 513 3914 excutiant,
546 3823 646 3899 fuisse
663 3827 768 3916 latae,
802 3828 894 3924 quod
920 3831 1104 3904 Sozornen.
1131 3831 1179 3904 H.
1207 3830 1296 3907 V11:
1326 3855 1362 3908 tr

166 3929 301 4008 diserte
318 3922 436 4000 tradit.
470 3923 605 4019 Utique
620 3926 842 4021 exemplum,
860 3923 933 3998 hoc
953 3945 990 3999 et
1008 3923 1171 4023 sequente
1184 3924 1274 4017 sec,
1303 3928 1362 4008 har

165 4023 366 4105 ‹reticorurn
399 4039 515 4093 morte
554 4018 757 4130 punitorum
791 4020 923 4093 nullum
955 4022 994 4095 in
1028 4019 1172 4097 historia
1206 4029 1362 4104 occurrit

160 4121 236 4212 016
260 4122 301 4199 in
326 4113 600 4212 Priscilanistu,
630 4115 724 4197 fidei
756 4119 1040 4215 cantumerulae
1058 4119 1172 4198 morti
1202 4119 1362 4320 daffiati

1308 4232 1363 4296 ant
