3008 4830
1186 492 1201 505 Ι

459 726 465 737 ·
563 701 756 783 neceam
845 738 850 749 ·
1120 714 1132 733 “
1219 736 1272 816 35

68 912 139 970 mr
152 892 314 978 naturam,
344 880 426 984 post
447 882 756 976 resmredlionem,
790 879 940 973 fuiilea
974 883 1108 964 Divina
1127 890 1227 968 absor
1254 932 1270 958 ·

72 1008 156 1075 tam3
192 982 334 1080 denique
365 1004 432 1056 noo
462 998 582 1057 notura
606 1004 688 1057 cum
713 983 796 1055 Deo
826 999 864 1054 et
887 980 1027 1079 Christo
1054 1008 1204 1064 unume
1233 1016 1267 1071 e.

72 1087 182 1161 Utitur
201 1103 286 1155 vero
310 1076 391 1153 stilo
418 1097 474 1150 tur
499 1077 559 1151 ido
585 1076 711 1169 nimis,
736 1096 774 1153 et
791 1075 960 1153 Gallicam
978 1078 1066 1176 sapit
1116 1086 1267 1162 randilo·

70 1177 246 1279 quenulam,
282 1175 374 1249 adeo
401 1190 439 1249 ut
513 1174 718 1273 leronymus
748 1195 829 1249 eum
856 1177 1052 1272 eloquentiae
1120 1176 1268 1261 odonam

69 1278 107 1353 ad
149 1270 286 1349 llarerit.

110 1299 231 1469 ῗΧι.
253 1361 464 1455 Ambroſsos,
495 1387 540 1438 ex
564 1361 686 1439 illustri
712 1363 892 1440 Gallorum
915 1362 1066 1464 familia,
1098 1380 1138 1444 e't
1161 1362 1265 1455 Patre

27 1552 31 1557 ,
80 1465 236 1543 Praeleiio
261 1461 443 1571 praetorio
469 1460 657 1535 Galliarum
690 1480 809 1551 natus,
849 1486 929 1537 curn
965 1462 1080 1538 causas
1095 1464 1265 1572 ‚primurn

77 1560 108 1638 iu
128 1560 199 1635 loro
222 1556 366 1656 egrffer,
393 1555 476 1630 dein
501 1554 667 1653 Liguriae
691 1574 729 1628 ct
754 1556 928 1634 Aemiliae
943 1557 1136 1657 provincris
1163 1586 1264 1661 prac-

74 1656 172 1734 ieilur
202 1656 308 1744 effer,
351 1650 548 1727 Mediolani
578 1651 694 1727 sedem
730 1651 889 1744 habens,
940 1657 983 1730 ad
1015 1654 1266 1752 Episcopatum
1330 1748 1333 1753 ¹

70 1749 356 1830 Mediolanensem
399 1746 548 1822 mirabili
589 1748 698 1822 modo
743 1747 820 1821 fere
862 1746 993 1825 invitus
1033 1749 1160 1827 tractus
1192 1752 1266 1849 est,

69 1874 98 1925 a.
128 1872 201 1944 374.
258 1850 348 1921 Cum
381 1843 475 1917 enim
507 1844 689 1918 Auxentio
733 1842 869 1919 Ariano
911 1846 1140 1943 surrogandus
1181 1846 1269 1926 edict

72 1938 264 2041 Episcopus,
290 1963 329 2015 et
353 1940 528 2015 Catholici
552 1962 594 2013 ac
619 1938 743 2014 Ariani
765 1940 896 2013 acriter
922 1941 1038 2015 secum
1065 1942 1109 2016 de
1135 1945 1267 2022 succes·

70 2039 138 2115 sore
158 2038 432 2127 contenderent,
457 2034 675 2124 Ambrofius,
699 2033 758 2130 qui
772 2038 910 2125 aderat,
936 2056 975 2110 ut
990 2056 1106 2113 motus
1121 2064 1266 2140 compe·

71 2137 191 2225 sceret,
232 2135 346 2206 subito
369 2134 601 2229 proclamatur
624 2130 839 2227 Episcopus,
881 2133 938 2206 cui
972 2133 1055 2207 voci
1093 2138 1266 2216 adstantes

71 2254 147 2306 mon
170 2231 422 2304 adclamarunt:
468 2228 604 2325 quando
627 2225 700 2324 ipse
731 2227 845 2302 adhuc
876 2228 1150 2305 catechumenus
1183 2258 1267 2312 mox

68 2328 155 2402 sacro
186 2326 313 2399 tincios
340 2322 390 2396 cst
415 2324 571 2412 lavacr0,
605 2346 687 2396 mox
710 2320 807 2397 sacro
831 2325 989 2413 muneri,
1015 2325 1099 2399 licct
1124 2351 1266 2406 contra·

67 2424 249 2511 niteretur,
290 2420 452 2492 initiatus
478 2417 539 2492 cst.
590 2421 658 2492 Pro
687 2441 753 2513 qua
784 2418 960 2493 clediionc
997 2423 1266 2503 Valentinianus

63 2520 235 2615 inperator
250 2520 332 2591 Deo
348 2513 475 2588 dicitur
490 2512 599 2611 egiffe
613 2516 758 2609 gratias,
784 2515 1005 2592 Tlreodoret.
1031 2519 1081 2592 H.
1108 2520 1176 2592 IV:
1207 2545 1264 2600 12.

65 2614 141 2689 fuit
163 2637 251 2688 vero
277 2612 311 2684 ei
346 2610 384 2685 in
408 2610 621 2706 Episcopatu
657 2610 863 2683 continuum
888 2609 963 2685 fere
1000 2636 1080 2687 cunr
1115 2615 1269 2692 Gentili-

63 2712 120 2786 bus
139 2729 176 2783 et
197 2707 355 2795 Arianis,
380 2703 503 2801 quibus
520 2703 591 2780 sese
610 2704 748 2780 strenue
773 2705 960 2803 opposuit,
986 2731 1185 2805 certamen,
1212 2714 1266 2809 uti

61 2830 139 2881 cum
163 2801 398 2904 Symmacho,
422 2804 559 2876 Roiiiae
582 2800 781 2899 praescito,
807 2802 865 2899 qui
891 2803 1127 2900 paganismum
1155 2810 1268 2885 intro·

57 2903 185 2977 ducere
207 2901 419 2986 conabatur,
459 2897 503 2971 de
526 2922 588 2971 ara
616 2900 778 2972 Wdoriae
802 2897 1036 2991 restituenda,
1078 2927 1148 2998 quo
1173 2907 1269 2989 caula

56 2996 190 3075 cecidit
211 2992 458 3092 Symmachus,
480 2988 520 3065 ‘et
543 2995 629 3068 urbe
654 2991 768 3089 pulsos
792 2991 864 3083 est;
895 2992 1028 3089 synodo
1055 2998 1269 3097 Aquilejcnfi

57 3117 94 3170 a.
131 3102 210 3186 381.
242 3089 413 3186 praefuit,
458 3094 495 3161 et
527 3088 735 3174 Palladium,
782 3087 994 3163 Arianorum
1029 3094 1268 3191 primipilum,

57 3186 231 3286 repreffit.
281 3185 437 3272 Arianis,
470 3180 626 3352 postillae
652 3179 852 3276 Augustae,
887 3201 925 3254 et
941 3185 1187 3263 Valentiniani
1204 3193 1270 3268 filii

54 3288 154 3458 §lb
174 3280 474 3452 hillidii
489 3275 953 3469 *sllgllllfflhllfflll
968 3287 1271 3461 ilidii?

55 3435 189 3552 dolium
212 3476 293 3564 Μ.,
324 3401 454 3547 inlimarii
480 3472 516 3544 T
518 3467 840 3547 helialonicensrum
863 3432 975 3579 caede,
997 3401 1191 3570 pdilututn,
1231 3464 1274 3559 ab

58 3571 233 3649 iicclcsrae
266 3563 403 3644 foribus
439 3564 577 3658 arcuit,
624 3583 663 3647 et
699 3566 741 3639 ad
774 3567 1031 3663 poenitentiam
1063 3573 1274 3661 subeundam

54 3666 241 3765 compulit.
267 3664 415 3761 Deujllo
431 3660 563 3761 postea,
615 3663 739 3737 Annon
756 3669 815 3753 643
836 3664 962 3769 ¹interris,
986 3686 1066 3741 cum
1085 3669 1205 3759 lethali
1223 3676 1273 3750 la·

55 3761 196 3844 borare't
220 3761 371 3851 morbo,
396 3756 521 3834 diaiffe'
545 3758 681 3852 ibitur,
707 3758 767 3832 uait
793 3760 843 3833 ita
868 3764 953 3835 inter
975 3786 1030 3847 vos
1047 3768 1138 3856 uixi,
1163 3786 1275 3867 urpu.

53 3866 131 3939 dail
148 3874 197 3937 ore
221 3861 354 3944 uivere,
378 3872 436 3930 aar
452 3860 548 3929 rinieo
563 3861 661 3944 morl,
685 3858 829 3951 quoniam
847 3859 961 3932 bonrum
983 3854 1159 3940 Dominum
1175 3868 1278 3949 leole·

55 3950 138 4036 brar.
185 3951 296 4034 Obiit
318 3972 350 4026 a.
378 3972 460 4046 397.
487 3951 728 4027 Theod'olium
753 3952 810 4029 M.
836 3956 924 4039 vero
947 3953 991 4028 de
1019 3958 1097 4054 ipso
1129 3952 1276 4055 dixill'e,

58 4055 251 4157 Epfiopm
278 4050 412 4143 dignari
428 4049 551 4124 lulloni
568 4051 637 4124 oilli
659 4052 756 4155 parom
773 4048 996 4147 nihirffuot,
1023 4054 1134 4133 refert
1155 4059 1279 4135 Theo·

52 4154 161 4236 donet.
185 4152 248 4233 H.
276 4142 331 4227 V:
356 4154 417 4230 18³
466 4146 589 4246 Opera
613 4143 815 4319 dtmbrosm
839 4147 927 4248 qaue
951 4147 1274 4237 orcomenam

689 4261 714 4319 2
1133 4241 1279 4351 script„
1363 4278 1418 4540 Ι
