3008 4830
1083 503 1087 512 ι

1373 548 1377 555 .

132 649 184 743 sa
296 612 301 623 '
380 596 383 601 ’
520 637 670 737 aaron
690 634 960 743 nenton.

131 811 194 928 so's
214 847 351 925 prorum
377 825 553 920 interium,
592 840 624 898 rt
646 848 731 901 mort
763 823 916 922 adversos
947 839 1103 914 morton,
1143 837 1178 898 tt
1200 812 1355 900 tantm

138 944 268 1024 propter
292 927 416 1014 larnen,
456 940 488 994 tt
503 919 678 1016 sepultura
702 921 854 1018 adversus
879 923 970 994 ittam
1002 924 1035 994 in
1059 935 1180 995 terrant
1202 918 1358 1014 rererfio·

139 1045 232 1109 neon,
266 1038 299 1092 et
319 1015 500 1114 resurrriiio
523 1035 648 1110 propter
672 1015 930 1112 resurrrttionern
957 1037 1028 1090 etc.
1064 1016 1179 1092 Mittis
1212 1015 1360 1112 reliquit

142 1115 320 1203 Patribus,
344 1112 619 1210 quosexcitavit
644 1111 815 1202 Grotius,
840 1136 885 1186 ex
910 1109 1179 1209 chrysostomo,
1204 1114 1248 1186 ab
1276 1108 1358 1206 ipso

143 1208 285 1301 omitto,
319 1233 424 1283 unum
454 1209 647 1282 alterumve
668 1207 874 1306 subjungam
909 1206 1158 1282 testimonium.
1203 1210 1248 1282 lu
1274 1208 1361 1281 Ho-

143 1307 238 1382 milia
269 1309 313 1379 de
339 1303 557 1378 adscensione
589 1303 722 1378 Domini
746 1304 857 1400 Oper.
890 1320 976 1379 tom.
1002 1306 1047 1379 11.
1079 1328 1115 1400 p.
1142 1325 1228 1396 450.
1261 1302 1358 1378 edit.

52 1485 55 1491 ,
145 1400 271 1480 novin.
320 1399 477 1474 Christus
502 1401 537 1474 se
558 1399 788 1474 mediatorem
810 1397 1016 1497 praestitisse
1037 1398 1190 1489 dicitur,
1230 1417 1358 1496 quate·

145 1522 210 1575 nus
229 1516 385 1592 poenam,
407 1519 488 1591 qnae
513 1501 603 1570 nobis
627 1519 649 1567 a
672 1494 773 1566 Patre
798 1491 976 1592 infligendo
1000 1509 1092 1578 erat,
1126 1498 1161 1567 in
1175 1493 1218 1592 sr
1236 1494 1358 1591 snsce-

142 1599 213 1693 pit,
231 1591 489 1690 suppliciumque
500 1595 631 1667 coelitus
648 1587 828 1684 inmiffnm,
853 1613 893 1664 ac
910 1590 1120 1666 contumelias
1143 1593 1177 1663 in
1190 1593 1246 1664 iot
1264 1614 1360 1665 mun·

143 1693 202 1778 do,
223 1687 407 1787 sustinuit:
439 1693 476 1761 in
504 1687 604 1761 serm.
629 1687 674 1762 de
691 1687 846 1784 Elefmos
878 1710 902 1757 a
919 1710 1017 1784 oper.
1047 1705 1075 1762 t.
1101 1686 1237 1783 111.‘.‘p.
1270 1706 1359 1776 252⁴

143 1789 220 1862 Hoc
237 1791 306 1871 die,
331 1780 541 1872 Dominica,
565 1783 673 1857 soluta
694 1805 824 1857 morse
866 1839 876 1868 ,
900 1781 1059 1878 exstincto
1077 1782 1279 1872 materiato,
1303 1785 1365 1867 des

56 1923 58 1926 ·
143 1885 242 1957 letum
254 1896 442 1973 peccatum,
463 1897 578 1974 portur
593 1875 696 1974 inferi
710 1875 917 1973 constatior,
936 1881 1060 1952 vintrus
1074 1878 1258 1966 Diabolus,
1281 1878 1362 1951 dirr-

143 1995 274 2054 turnum
297 1975 627 2066 brilamoiremtum,
654 1977 856 2049 reconciliati
879 1971 952 2047 Deo
970 1977 1129 2064 tornines,
1162 1971 1366 2069 nostrumque

143 2093 246 2169 genus
272 2072 317 2142 od
337 2069 529 2166 pristinam,
565 2075 626 2144 imo
648 2075 757 2162 potius
778 2073 929 2166 adiunge
955 2073 1131 2166 majorem,
1156 2070 1363 2143 nobilitatem

144 2172 251 2244 tedio.
302 2167 485 2263 Denique,
509 2188 553 2238 ne
569 2165 666 2260 plura
683 2187 891 2260 congeram,
915 2166 1037 2240 homil.
1055 2166 1138 2239 XII.
1163 2164 1199 2238 in
1218 2164 1365 2243 Matth.

146 2267 255 2361 Oper.
292 2262 428 2336 t.V11.
463 2285 498 2356 p.
529 2267 610 2334 161.
645 2257 800 2333 Christus
822 2260 953 2334 dicitur
981 2277 1185 2356 peccatoram
1218 2261 1366 2334 omniunt

141 2379 202 2458 per
231 2361 338 2431 orbern
363 2360 536 2445 redemtor,
579 2372 612 2429 et
636 2359 735 2428 totius
767 2357 900 2431 Iramanr‘
921 2361 1052 2452 generis
1084 2373 1221 2454 peccata
1240 2356 1365 2441 ¹tollent

142 2455 237 2555 poffe.
284 2453 338 2527 Ex
356 2455 581 2550 Hieronymo
604 2451 674 2524 duo
689 2454 839 2547 protulit
863 2454 940 2528 loca
959 2453 1122 2542 Grotius,
1145 2453 1237 2528 addo
1252 2472 1366 2525 unum

148 2557 356 2628 alterumve.
391 2547 501 2643 Epist.
526 2550 571 2621 X.
592 2548 632 2619 ad
650 2548 784 2620 Furiam
803 2551 840 2620 de
863 2553 1054 2645 virginitate
1064 2546 1232 2645 servanda
1247 2546 1365 2636 dicit,

145 2644 320 2733 Christum
347 2645 550 2751 eam,·Deo
573 2661 749 2753 renatam,
772 2646 893 2739 grandi
914 2651 1020 2738 pretio
1036 2644 1199 2741 redemiffr
1215 2640 1366 2742 sangui·

146 2741 268 2913 'iasii
277 2738 1366 2933 t,{”tittrrt.⁰2⁰o¹¹t{t;33‡„&tettt‘i'tti'tttrista

148 2952 182 3014 et
199 2936 301 3028 digito
319 2930 500 3025 Christum,
533 2946 564 3003 et
582 2953 678 3021 roca,
703 2933 943 3028 demonstrans,
967 2955 1038 3007 ecre
1053 2958 1159 3029 agnus
1176 2933 1265 3021 Dei,
1289 2955 1367 3005 ecce

146 3035 199 3126 qai
216 3029 299 3101 tollit
320 3045 459 3123 peccota
483 3027 607 3118 mnndi,
630 3025 666 3120 st
679 3023 762 3124 sunt
779 3030 881 3103 aditur
906 3027 1077 3128 insecuto,
1102 3053 1231 3123 qnorum
1251 3025 1365 3124 Chris·

146 3145 201 3207 tus
222 3143 361 3224 peccota
384 3149 445 3200 non
467 3127 591 3201 tulerit.
642 3126 792 3222 Optatus
810 3149 947 3224 quoque
962 3124 1193 3199 Milevitanus
1217 3124 1275 3197 lib.
1295 3125 1365 3201 111.

146 3219 1372 3404 {ft{flstgfflss',{‘²'¹1,g,²⁴,⁵,'²c⁶,1fi',²,2¹'s²{p⁰'}²ss{{,'fffgss⁰g{m,{{f„³{,⁸7¹}¹f.

136 3409 302 3513 secundus
317 3410 424 3482 Adam
442 3423 473 3480 et
487 3405 631 3503 sanguis
651 3403 767 3499 ctristt
792 3407 830 3476 dt
853 3431 947 3480 crure
963 3408 1099 3505 stillans
1120 3413 1220 3520 primi
1235 3369 1369 3501 Adam:

146 3529 180 3587 or
197 3508 344 3605 jocantis
363 3501 553 3599 protoplasti
573 3499 650 3599 (qui
675 3501 712 3574 in
738 3520 860 3575 monte
878 3506 1054 3580 Calvariae
1083 3506 1212 3580 ibidem
1231 3505 1376 3580 dicitur

146 3602 300 3701 sepultus
310 3595 339 3694 ,)
352 3617 491 3694 peccato
509 3597 633 3696 diiuifft
653 3595 810 3672 traditur.
853 3600 1020 3677 Attamen
1036 3603 1187 3677 frutium
1204 3619 1240 3674 et
1255 3601 1375 3677 effec·.

150 3721 225 3776 mm
244 3691 366 3770 mortis
381 3692 507 3766 Christi
523 3694 566 3765 ad
582 3693 670 3767 solos
686 3693 870 3767 credentes
894 3696 1162 3772 restrinxerunt:
1189 3696 1240 3770 uti
1253 3697 1368 3797 Chry·

147 3793 319 3874 sostomus
332 3788 427 3864 hom.
445 3789 563 3861 XVII.
579 3788 620 3862 ad
639 3812 696 3884 ep.
711 3789 754 3864 ad
772 3790 884 3865 Hebr.
902 3811 939 3864 et
955 3793 995 3865 ad
1008 3795 1083 3867 Gai.
1101 3818 1175 3889 cap.
1188 3796 1299 3865 11.-
1314 3828 1369 3849 -

149 3893 246 3987 injus
266 3885 412 3979 beneficii
427 3887 603 3977 participes
618 3881 701 3978 sunt
726 3889 778 3958 illi
796 3883 885 3984 soli,
912 3891 964 3982 qui
988 3893 1020 3962 in
1039 3888 1139 3987 ipsunt
1157 3890 1388 3984 crediderunt.⁸

197 3984 229 4085 ᾖ.
255 3982 389 4054 LVIII.
417 3981 561 4054 Gratiae
589 3979 660 4052 Dei
685 3980 722 4055 in
748 3985 1000 4058 remunerando
1026 4011 1165 4082 quoque
1190 3989 1379 4082 praebue-¹

147 4101 229 4164 nmt
260 4074 522 4181 testimonium,
544 4096 598 4197 ‘et
621 4077 748 4153 merita
776 4078 1158 4192 propriarejecetunt.
1191 4082 1295 4181 ⁸Sic,
1323 4101 1379 4179 ut.

154 4230 180 4277 t.
721 4256 739 4285 .,.
783 4222 796 4262 r
1022 4252 1025 4257 »
1264 4196 1367 4249 “¹¹⁰0
