3008 4830
457 719 460 726 -
599 664 705 742 Sacas.
729 665 798 746 IV.
1258 675 1313 759 aij

43 847 268 939 eucharistia,
314 844 396 922 sed
439 867 506 945 pro
529 842 606 943 ipso
638 850 734 925 cultu
761 849 859 925 sacro
888 847 925 925 in
950 872 1104 948 genere3
1137 846 1302 946 a'iiii'fflo·

45 976 92 1039 aa,
118 951 188 1024 sive
218 944 637 1034 Catechumenorum,
671 946 753 1020 live·
770 944 935 1022 fidelium.
973 949 1090 1023 &Missa
1119 946 1215 1021 enim
1248 943 1301 1019 est

47 1045 150 1145 nisio,
184 1064 234 1117 ut
276 1040 453 1115 remissa
475 1036 631 1136 rimiffia,
663 1067 729 1139 qua
755 1041 874 1116 Latini
902 1045 1119 1119 Graecorum
1135 1051 1302 1133 asaiam,

49 1145 157 1221 illisio
183 1132 562 1233 coetus'dimi'fflaae
586 1134 762 1225 usitatam,
788 1139 1045 1235 exprimebant.
1095 1142 1212 1239 Quam
1235 1164 1302 1214 vo·

51 1235 460 1336 assignificationem
481 1234 551 1329 jam
573 1232 776 1308 observavit
801 1233 931 1309 Avitus
961 1237 1193 1327 Viennensis,
1228 1234 1299 1311 sec.

54 1338 113 1412 Vl.
132 1335 335 1429 scriptor,
366 1327 476 1425 epist.
500 1328 552 1416 1.,
587 1329 647 1402 ubi
672 1329 788 1417 addit,
822 1328 860 1402 in
882 1328 1018 1427 palatiis
1044 1349 1082 1404 et
1116 1331 1302 1429 praetoriis

60 1456 164 1508 rocem
189 1424 426 1524 dimiffioni's
455 1424 493 1498 in
525 1421 585 1498 usti
618 1421 699 1501 effe.
747 1427 885 1500 Vocem
910 1424 1021 1522 missae
1044 1448 1109 1522 pro
1130 1431 1226 1503 cultu
1250 1427 1302 1501 sa·

64 1553 112 1604 cro
130 1532 164 1602 in
194 1544 364 1622 genere
402 1521 475 1618 jam
506 1517 575 1592 scc.
600 1520 663 1596 lll.
691 1520 845 1596 usitatam
875 1521 997 1612 fuisse,
1042 1522 1161 1620 colligi
1185 1521 1302 1619 pollet

63 1650 97 1700 ex
119 1624 240 1722 Epist.
270 1618 454 1693 Cornelii
480 1616 593 1710 Papae
617 1617 659 1690 ad
683 1617 895 1712 Lupicinum
913 1619 1172 1703 Viennensem,
1199 1619 1302 1713 sige·

57 1723 151 1797 noina
175 1721 318 1804 soret;
357 1712 421 1787 sed
452 1712 595 1806 spuriam
623 1711 693 1787 esse
717 1713 890 1787 convenit
914 1714 990 1788 sere
1023 1714 1118 1788 inter
1142 1713 1302 1804 Dosios,

59 1842 156 1916 quare
181 1839 272 1889 eam
307 1808 355 1882 in
383 1830 478 1881 nova
500 1803 710 1880 collettione
726 1809 957 1883 conciliorum
974 1813 1131 1906 neglexit
1147 1810 1304 1883 Hardui·

59 1937 135 1989 nus:
176 1904 453 1987 eucharistiam
486 1926 574 1975 vero
608 1924 702 1976 voce
736 1903 855 1977 missae
875 1906 945 2000 jam
980 1906 1080 1980 soille
1106 1909 1166 1981 sub
1195 1906 1304 1981 finini

62 2009 166 2087 seculi
195 2002 445 2098 insignitam,
469 2019 515 2070 ex
530 1997 718 2072 Ambrosio
733 1999 935 2075 observavit
955 2002 1145 2077 Casaubon.
1172 2002 1214 2075 ad
1237 2005 1305 2077 Ba·

63 2127 135 2180 ion.
190 2105 381 2176 Ceterum
414 2096 568 2168 devera
601 2095 701 2166 vocis
730 2094 858 2170 Missae
891 2096 1031 2195 origine
1062 2097 1136 2173 vid.
1161 2119 1303 2193 quoque
1415 2146 1418 2151 -

63 2204 158 2277 Bona
192 2221 272 2271 rer.
310 2194 370 2266 lit.
406 2193 427 2265 l.
451 2191 539 2297 1.·c.
568 2213 599 2262 1.
651 2190 785 2263 Mansit
812 2215 950 2287 quoque
986 2217 1114 2267 nomen
1138 2194 1333 2290 sacrificii¹

63 2296 195 2385 inusti,
209 2290 319 2367 sensu
335 2285 522 2383 spirituali,
540 2286 889 2383 proqualibetcultos
901 2308 1013 2384 parte,
1031 2310 1067 2362 et
1079 2311 1150 2363 non
1165 2309 1302 2364 tantum

64 2420 132 2492 pro
157 2383 396 2465 eucharistia.
447 2382 507 2455 Sic
532 2379 655 2454 Euseb.
682 2382 747 2456 vit.
775 2381 893 2455 Const.
919 2387 986 2458 lV:
1012 2408 1094 2474 45„
1127 2385 1171 2458 de
1195 2386 1304 2465 laudi·¹

68 2495 129 2563 bur
158 2493 235 2584 ejus
257 2499 462 2583 memorat,
488 2481 600 2555 &naias
623 2487 748 2576 aiiaipttr
768 2509 824 2572 iiiii
838 2499 966 2575 napitas
989 2483 1043 2557 vair
1068 2482 1107 2553 δι’
1134 2490 1227 2577 siffis
1243 2480 1306 2577 sa.

70 2586 202 2681 crificia
230 2585 407 2653 incruenta
435 2579 667 2648 irrationalia
689 2597 838 2670 precarii:
864 2580 911 2650 lic
937 2597 974 2651 et
1000 2578 1155 2652 Hilarius
1182 2580 1223 2650 ad
1249 2576 1304 2652 Ps.

74 2684 181 2756 citu.
207 2673 346 2770 etalii.
401 2672 486 2745 Vox
511 2690 661 2751 mauritani
693 2675 850 2746 Licaniaa
880 2673 971 2747 licet·
997 2676 1089 2770 apud
1125 2674 1219 2749 Basil.
1245 2675 1303 2750 M.

73 2802 132 2876 ep.
157 2772 300 2859 inii.
325 2768 367 2841 ad
393 2768 621 2842 Neo-caesar.
645 2769 817 2843 strisliore
841 2766 939 2842 sensu
965 2771 1107 2860 veniat,
1133 2795 1213 2844 cum
1241 2793 1304 2844 eos

72 2864 410 2963 antessregorium
433 2861 587 2936 habuisse
610 2886 717 2961 neget
739 2881 889 2941 urreisan
913 2866 1069 2957 litanias,
1104 2868 1222 2960 palsiin
1250 2885 1303 2938 ta·

76 2990 167 3044 men
194 2966 240 3036 de
266 2962 426 3060 hymnis,
468 2958 678 3053 Psalmodia,
706 2980 746 3034 et
768 2962 930 3057 precibus
955 2960 992 3034 in
1016 2984 1146 3057 genere
1167 2963 1310 3056 usurpas

81 3082 160 3135 tur.
207 3057 276 3129 Sed
299 3061 341 3130 de
364 3058 494 3130 litaniis
520 3053 649 3152 postea.
1288 3124 1291 3131 .

129 3154 166 3255 p.
195 3152 396 3228 LXXVIII.
428 3149 573 3224 Initium
599 3153 711 3223 cultus
738 3150 845 3241 sacri,
871 3172 943 3223 non
967 3173 1108 3246 preces,
1125 3152 1193 3225 ¹sed
1210 3151 1302 3225 Psals

82 3255 156 3342 mi,
185 3268 225 3324 et
240 3247 447 3332 Ltsliones,
468 3265 642 3334 utentes,
667 3244 840 3321 fecerunt.
864 3245 986 3322 Psalmi
1005 3268 1091 3320 vcro
1107 3266 1143 3320 et
1159 3245 1304 3323 Lesbio·

82 3375 147 3425 nes
170 3344 345 3419 nonnullis
367 3345 405 3419 in
420 3342 584 3415 Ecclesiis
600 3341 950 3432 intermiscebantur,
975 3344 1013 3417 in
1031 3342 1106 3418 aliis
1123 3367 1232 3438 vero,
1257 3342 1301 3420 il·

81 3449 126 3521 lis
151 3439 323 3516 uniuersis
350 3438 519 3526 cantatis,
552 3437 691 3512 seorsim
716 3439 848 3513 fiebant
883 3439 1067 3514 lectiones.
1114 3441 1212 3515 Prius
1236 3440 1303 3514 lie·⁸

82 3543 113 3617 ri
140 3540 273 3614 debere
298 3534 450 3609 sancivit
473 3555 550 3607 caii.
576 3534 756 3608 XVllnius
782 3532 1020 3624 Laodicenos,
1054 3555 1091 3609 et
1115 3535 1152 3610 in
1177 3537 1302 3610 Eccle÷

84 3638 139 3712 siis
154 3632 351 3720 Africanis,
369 3629 456 3705 teste
472 3627 617 3726 August.
636 3633 749 3706 Serm.
767 3631 812 3703 X.
835 3631 907 3725 Op.
928 3649 1018 3704 tom.
1037 3633 1104 3721 X.,
1124 3631 1296 3711 obtinuit.

85 3730 252 3809 Davidici
277 3750 350 3801 non
376 3744 514 3803 tantum
532 3725 678 3817 Psalmi,
720 3746 759 3801 ut
786 3750 864 3801 cum
887 3725 1074 3823 Psalmodio
1108 3726 1300 3839 incipiam,

88 3830 206 3903 sedet
232 3825 255 3897 li
282 3821 377 3914 miii,
411 3824 453 3897 ab
481 3821 681 3899 hominibus
705 3832 784 3897 'non
810 3822 985 3919 inspiratis
1017 3823 1228 3916 composin,
1264 3826 1303 3903 in

83 3922 238 4031 Ecclefia
254 3848 397 3993 iterum
422 3918 564 3993 cantati.
617 3918 674 3992 Sic
696 3918 871 4028 Hilarius,
903 3937 1047 3992 notante
1072 3920 1300 4019 Hieronymo

88 4021 283 4107 descript.
307 4014 464 4105 Eccles,
489 4030 526 4087 et
550 4015 752 4089 Ambrosius
776 4039 813 4089 in
839 4016 934 4089 usum
951 4015 1126 4089 Ecclesiae
1152 4037 1299 4109 compo·

80 4115 172 4286 soiqtv
181 4113 352 4282 hyrrppps,
375 4111 459 4188 inde
475 4109 723 4281 Ambrosianols
736 4110 870 4205 dislos,
895 4129 934 4186 ut
953 4112 1061 4190 tradit
1075 4111 1195 4190 lfidor.
1217 4105 1307 4294 flii:

161 4230 226 4285 aia·
305 4264 316 4285 .
1233 4227 1259 4305 p
1304 4230 1306 4242 ·
