3008 4830
588 684 591 689 ⁸
662 702 773 784 secur.
794 702 865 783 IV.
1106 786 1109 791 ,
1288 716 1366 792 ἰὀῐῑ

139 883 223 961 baud
248 882 310 960 diu
326 878 430 982 post,
468 898 618 982 propter
634 882 785 961 nimium
808 881 981 975 abusum,
1005 901 1130 961 contra
1155 908 1260 987 quem
1278 890 1353 987 jam

139 983 344 1056 declamavit
381 982 491 1078 Greg.
517 980 689 1056 Nazianz.
715 981 755 1056 in'
773 978 984 1056 carminibus
1007 1005 1027 1055 a
1051 983 1256 1059 Muratorio
1279 985 1353 1061 edi·

140 1078 179 1151 tir
201 1078 241 1152 in
265 1076 448 1151 Anecdot.
479 1077 563 1168 Gr.,
602 1079 790 1174 abrogatae
815 1077 1005 1166 videntur;
1044 1076 1164 1175 utique
1188 1102 1264 1156 can.
1291 1090 1357 1163 28.'
1404 1118 1411 1135 ·

138 1173 336 1247 Laodiceno
354 1172 513 1262 vetitae,
536 1195 579 1246 ac
592 1194 730 1247 canone
749 1195 808 1267 30.
844 1172 1008 1269 carthag.
1033 1173 1099 1249 111.
1149 1175 1254 1250 Licet
1280 1200 1345 1251 ve·

141 1286 190 1343 tua
216 1267 440 1343 consuetudo
470 1266 614 1363 penitus
647 1284 721 1341 tam
753 1267 825 1342 cito
848 1264 1033 1365 exstirpari
1062 1290 1136 1342 non
1167 1273 1346 1364 potuerit3

146 1359 222 1437 teste
242 1358 449 1457 Augustino
473 1382 599 1438 contra
624 1361 785 1437 Faustum
802 1361 1054 1437 Manichaeum
1078 1365 1101 1439 l.
1128 1366 1207 1439 XX.
1233 1390 1266 1440 c.
1285 1390 1345 1444 ao.

151 1456 256 1555 Qnd‘r
287 1458 385 1555 quod
409 1456 599 1533 concilium
624 1457 829 1533 Trullanum
851 1459 919 1533 sec.
947 1458 1033 1533 VII.
1068 1459 1184 1535 adhuc
1208 1462 1349 1538 necesse

149 1551 294 1629 labuerit
324 1577 383 1627 ear
405 1572 548 1643 vetare3
572 1571 610 1629 ut
634 1575 694 1628 ex·
707 1576 844 1629 canone
871 1552 945 1649 ejus
964 1575 1023 1647 74.
1040 1572 1153 1648 patet.
1218 1568 1220 1573 ‘

181 1648 213 1748 ς.
235 1649 374 1725 XCVI.
408 1648 527 1723 Moris
549 1670 688 1747 quoque
714 1648 785 1723 hoc
807 1669 968 1746 tempore
994 1648 1085 1741 suit,
1120 1649 1348 1728 eucharistiae

195 1766 268 1820 tem
295 1744 339 1819 ad
367 1744 545 1834 absentes,
570 1742 843 1835 communionis,
855 1742 977 1832 causa,
1007 1742 1160 1822 mittere.
1208 1748 1348 1846 Utique

142 1770 297 1931 ἕως,
329 1858 492 1938 tempore
517 1839 730 1915 Melchiadir
754 1859 791 1915 et
814 1837 934 1914 Siricii
958 1840 1145 1937 Paparum,
1184 1841 1281 1917 mitti
1304 1846 1349 1919 ab

143 1937 286 2012 Ecclcfia
314 1933 530 2026 cathedrali,
570 1935 629 2010 nbi
653 1935 850 2031 Episcopus
878 1934 1177 2025 communicabat,
1216 1939 1349 2017 solebat

145 2034 182 2111 ad
201 2032 333 2121 titulos,
357 2031 417 2106 seu
442 2029 596 2104 minores
612 2030 802 2120 Ecclefiar,
826 2032 1088 2104 communionis
1111 2031 1351 2111 testificandae

148 2152 240 2224 ergo,
283 2149 390 2222 quare
413 2125 575 2221 fermenti
598 2125 742 2201 nomine
768 2128 889 2200 venit:
928 2126 973 2199 de
1003 2150 1073 2223 quo
1097 2127 1196 2223 supra
1219 2130 1349 2207 monui.

145 2227 206 2299 Sed
234 2222 327 2296 sesto
361 2222 512 2318 paschali
545 2223 633 2296 haec
658 2221 771 2295 missio
802 2222 845 2296 ad
882 2219 961 2295 alias
990 2221 1167 2318 paroecias
1202 2228 1348 2300 maxime

143 2319 208 2393 fuit
232 2318 378 2407 usitata3
411 2335 452 2392 ut
483 2340 529 2392 ex
555 2332 694 2392 canone
722 2340 779 2408 14.
805 2316 1030 2407 Laodiceno,
1080 2342 1152 2484 Fun
1186 2318 1251 2394 iste
1273 2345 1351 2396 moa

143 2415 364 2514 prohibetur,
398 2412 520 2509 liquet.
567 2412 636 2488 Sed
662 2412 700 2486 in
723 2411 798 2507 ejus
827 2415 943 2486 locum
972 2431 1056 2486 tunc
1095 2414 1268 2489 ucceffiffe
1292 2417 1348 2490 vi·

145 2513 262 2585 dentur
279 2529 378 2583 certa
391 2509 545 2605 symbola
561 2507 680 2604 panis,
707 2505 812 2582 instat
836 2506 1062 2582 eucharistiae
1087 2506 1296 2584 sanctificata
1313 2531 1352 2597 et

146 2605 340 2694 benediSta,
365 2605 450 2679 licet
476 2604 541 2678 alia
564 2603 729 2693 formula,
753 2627 841 2700 quae
867 2624 1040 2677 vocarunt
1065 2602 1207 2701 {aripret
1228 2611 1351 2704 eulogi·

148 2726 200 2791 nr,
227 2722 265 2775 et
289 2722 415 2800 panem
441 2699 684 2787 benedictum,
722 2701 826 2774 etiam
850 2701 990 2798 disrupta
1010 2702 1091 2777 dona
1116 2707 1263 2780 vicaria:
1306 2705 1352 2780 de

146 2799 258 2896 quibua
290 2797 443 2893 ejusdem
479 2793 623 2868 concilii
654 2816 807 2869 canones
845 2819 905 2890 31.
936 2818 974 2872 et
1001 2819 1057 2892 37.
1093 2823 1197 2875 aere
1224 2801 1351 2876 viden·

148 2912 216 2985 tur,
248 2894 306 2964 ubi
332 2893 369 2965 sd
390 2890 575 2990 „proprus
594 2900 748 2986 horrerem
778 2912 961 2968 vocantur.
1010 2892 1096 2968 Vid.
1171 2920 1290 2994 vereg.
1307 2897 1352 2972 ad

148 3012 220 3063 ean.
252 2988 361 3065 Ildum
392 2990 679 3079 Antiochenum,
721 2989 760 3061 in
792 2989 964 3063 Panthu
998 3012 1161 3067 canonum.
1213 2996 1281 3067 Sed
1312 2994 1352 3067 iu

150 3081 260 3178 specie
284 3088 323 3158 ad
349 3085 585 3160 incarceratos
610 3084 696 3157 fidei
724 3080 843 3169 causa,
868 3104 906 3157 et
928 3087 1158 3193 poenitentes
1189 3088 1226 3160 in
1259 3089 1350 3182 peri·

148 3181 225 3254 cuso
245 3179 388 3270 mortis,
430 3181 633 3255 mittebatur
656 3174 885 3264 eucharistia,
927 3177 1010 3250 rnde
1042 3178 1181 3269 speciali
1211 3183 1356 3256 nomine

145 3276 256 3367 ἐφόδιον
277 3280 432 3351 viaticum
449 3276 561 3365 dieta,
591 3275 750 3349 solatium
775 3271 906 3348 scilicet
923 3269 1146 3363 miserorum,
1174 3274 1233 3349 seu
1259 3302 1355 3352 mor·

146 3394 303 3463 tuorum,
342 3371 412 3445 iter
435 3373 472 3447 in
498 3374 605 3445 aliurn
629 3369 891 3465 suscipientium
916 3368 1095 3444 mundum.
1145 3370 1228 3472 Quo
1251 3395 1351 3450 uota.

143 3466 384 3546 biliacanonis
404 3492 459 3562 13.
488 3467 646 3542 Nicaeni
684 3466 771 3539 haec
797 3463 953 3562 speciant
977 3468 1103 3539 verba:
1136 3469 1176 3539 dr
1199 3471 1262 3559 r'r'r,
1299 3474 1352 3564 qui

141 3568 323 3653 excedunt,
348 3568 483 3660 antiqua
506 3581 540 3636 er
564 3564 719 3636 canonica
744 3562 796 3635 Iex
822 3586 905 3634 narrt
931 3585 1046 3658 qunque
1059 3559 1268 3656 servabitur,
1295 3581 1354 3658 ur,

143 3661 173 3756 fi
208 3667 280 3759 quir
309 3664 383 3733 vira
420 3661 554 3734 excedat
594 3665 692 3734 trabe
714 3666 766 3733 rurs
789 3658 1017 3754 drapaarrrrha
1046 3662 1155 3753 ἐφοὶίκ
1186 3664 1297 3734 ultimo
1321 3680 1355 3737 rt

143 3763 287 3834 maxime
319 3754 491 3850 neceffarr'o
515 3759 636 3833 uiatico
661 3779 699 3831 nr
721 3760 878 3850 privetur.
925 3756 998 3832 Ubi
1030 3756 1101 3829 vid.
1129 3758 1353 3855 Beveregiur.

144 3857 344 3930 Utebantur
360 3872 477 3925 autem
494 3850 702 3927 eucharistia
727 3852 880 3943 infirmi,
909 3872 1054 3948 utraque
1071 3847 1207 3945 specie,
1235 3850 1260 3925 fi
1279 3854 1357 3950 pos·

146 3949 237 4040 seut,
272 3949 332 4023 vel
357 3948 545 4037 alterutra,
580 3945 817 4022 communiter
851 3970 1001 4047 corpore
1029 3944 1159 4020 Christi
1195 3949 1360 4046 sanguine

142 4041 301 4122 inuncto.
357 4041 444 4118 Vid.
478 4045 644 4118 Martene
679 4045 700 4118 Ι.
727 4043 788 4119 cit.
835 4067 911 4142 cap.
938 4043 987 4116 V.
1021 4043 1090 4114 Sed
1122 4064 1204 4116 num
1222 4043 1360 4138 aegroti

120 4142 213 4243 ‘jam
232 4144 316 4219 boc·
336 4158 500 4237 tempore
531 4141 649 4239 paffirn
670 4137 853 4219 sumserint
885 4132 1127 4220 eucharistiam
1158 4156 1242 4216 ante
1266 4157 1360 4215 mor·

702 4255 854 4338 ua·
1178 4245 1490 4546 aa]
