3074 4838
693 648 797 724 Secul.
820 648 886 726 JV.
1305 714 1308 719 .
1330 661 1399 733 261

84 825 91 851 ¹
146 855 233 935 ¹per
257 834 345 907 unte
366 827 535 922 Ecclefio,
568 832 685 930 inquit
708 835 952 925 Hieronymus
983 833 1018 908 in
1050 835 1127 911 vita
1152 834 1304 921 blnlelri,
1336 853 1393 928 po·

173 933 279 1006 tentio
298 931 422 1025 quidem
446 946 477 1001 et
494 931 620 1003 diuitiis
644 935 768 1028 major,
784 932 848 1029 sed
873 928 1050 1005 uirtutibus
1071 937 1191 1021 minor,
1206 931 1309 1026 focio
1334 929 1392 1026 est.
1452 955 1455 962 ·

142 1092 145 1096 .
174 1030 399 1103 Theodoret.
425 1026 475 1098 H.
501 1028 550 1102 V:
577 1051 634 1120 39.
661 1048 775 1122 pacem
800 1033 1006 1124 restitutam,
1051 1032 1193 1118 adserit,
1230 1031 1397 1123 necturae

169 1127 250 1225 plus
275 1119 410 1216 nocuiffe
433 1146 529 1216 quom
544 1123 807 1220 persecutionem.
854 1125 1000 1197 lliuorus
1019 1125 1188 1199 Peluliota
1211 1127 1232 1197 Ι.
1261 1127 1306 1196 ll.
1334 1150 1392 1220 ep.

176 1225 263 1311 246.
292 1219 336 1290 de
353 1224 413 1291 luo
438 1239 597 1313 tempore
622 1220 692 1307 ait,
721 1220 853 1312 Templo
876 1220 1000 1313 quidem
1020 1227 1120 1293 onmis
1144 1225 1273 1315 generis
1294 1224 1394 1295 Mor·

175 1317 320 1390 moribus
337 1312 397 1410 effe
416 1329 552 1402 ornato,
570 1310 631 1412 sed
648 1316 828 1408 Ecclestom
837 1313 1072 1409 spiritualibus
1086 1323 1207 1410 gratiis
1224 1322 1341 1391 nudent
1359 1333 1393 1389 tt

176 1435 327 1487 nocuum.
373 1411 488 1482 Autor
512 1415 615 1502 operis
637 1414 810 1507 Inperfelii
835 1414 870 1483 in
888 1411 1044 1499 Matrh„
1070 1414 1129 1484 lub
1157 1411 1394 1509 cnrysostorni

146 1506 149 1510 ’
178 1507 344 1592 nomine,
370 1505 465 1579 hom.
492 1506 621 1582 XLIX.
646 1507 940 1604 corruptiffirnum
965 1506 1066 1580 forise
1091 1526 1227 1604 tempus
1251 1506 1394 1583 tradita

176 1601 407 1678 Constantino
431 1604 488 1676 M.
526 1602 631 1699 usquc
661 1605 704 1677 ad
737 1600 1000 1692 Theodosium,
1042 1602 1091 1677 ita
1126 1624 1164 1676 ut
1198 1627 1242 1677 ex
1270 1601 1393 1676 saucii·

177 1717 252 1775 tate
279 1696 376 1771 nosci
401 1720 551 1794 nequeat
576 1698 749 1790 Ecclesia,
774 1698 867 1788 imo,
892 1723 995 1790 nune,
1022 1699 1091 1788 ait,
1117 1716 1177 1772 out
1203 1700 1309 1787 tolet,
1334 1716 1394 1772 eut

171 1798 304 1894 pejores
319 1791 411 1888 fatti
427 1793 510 1891 sunt
536 1794 732 1889 Christiani,
766 1797 874 1888 quoles
889 1792 972 1890 sunt
994 1797 1168 1886 baeretici,
1194 1815 1252 1869 ortt
1279 1796 1394 1892 Genti·

151 1896 237 1975 les.
286 1889 391 1992 Quod
406 1889 517 1983 ipsum
536 1891 714 1989 agnoseit,
733 1912 771 1963 et
789 1891 967 1986 deplorat,
994 1894 1074 1966 loco
1094 1892 1261 1982 notabili,
1281 1890 1397 1990 Chry·

158 1983 258 2062 lost.
283 1986 379 2077 born.
405 1986 449 2060 X.
476 1984 514 2058 in
542 2010 573 2060 1.
600 1987 643 2061 ad
661 1985 845 2073 Timoth.,
871 1984 930 2082 qui
953 1986 1068 2077 addit,
1095 1988 1395 2065 Christianismum

179 2103 370 2180 propterea
393 2104 463 2155 non
488 2079 607 2156 fecille
635 2084 803 2180 majorem
831 2104 896 2178 pro
923 2082 1066 2158 tellum:
1091 2085 1197 2157 nullus
1216 2084 1291 2179 effer
1312 2112 1394 2182 gen·

178 2182 273 2268 tilis,
313 2180 406 2252 inter
438 2176 503 2250 alia
535 2178 670 2275 inquit,
700 2176 736 2272 st
768 2204 824 2252 nor
857 2105 989 2274 offiium
1022 2204 1092 2253 rere
1121 2176 1298 2272 Christiani
1322 2203 1394 2259 etc.

177 2278 281 2354 Porro
306 2278 361 2373 qui
392 2275 566 2360 locentur,
604 2277 758 2348 doliorum
789 2280 942 2350 virtutem
971 2280 1155 2367 intuentur,
1189 2293 1220 2347 et
1247 2302 1317 2351 eum
1342 2282 1394 2352 ni·

175 2376 298 2462 deaut,
334 2393 389 2443 nos
414 2372 521 2441 euclem
545 2371 794 2468 concupiscere,
834 2373 943 2442 eadent
966 2396 1133 2467 quaerere,
1172 2374 1394 2467 principatum
1511 2380 1515 2387 ’

177 2489 291 2564 nempe
314 2483 346 2538 et
369 2468 532 2555 bonorem,
574 2492 630 2561 quo
653 2470 739 2542 modo
766 2465 1043 2562 Clrrilliunijinum
1078 2471 1191 2541 mirari
1216 2471 1394 2561 poterunt?

151 2571 284 2645 ‚ritem
307 2565 478 2637 multorum
501 2565 643 2637 ridentes
661 2561 925 2659 prelenfililem,
960 2566 1089 2638 enimus
1123 2586 1281 2640 terrenos.
1331 2563 1396 2640 Pt-

178 2665 420 2754 caeteraeque
446 2682 485 2733 ac
510 2660 560 2729 illi
585 2663 803 2748 admiremur,
829 2665 890 2733 imo
915 2662 1145 2758 multomagis
1172 2679 1242 2735 etc.
1293 2661 1395 2737 Prae·

177 2778 281 2833 terea
303 2755 401 2829 hom.
426 2754 529 2829 Vlll.
563 2753 601 2827 in
628 2759 695 2853 Ep.
721 2757 764 2830 ad
790 2757 941 2830 Roman.
969 2756 1118 2849 fatetur,
1162 2761 1278 2832 multer
1304 2759 1395 2833 inre·

154 2853 243 2931 'niti
254 2852 434 2950 gentilibus
449 2857 553 2947 mogis
569 2853 733 2946 fidentes,
757 2878 852 2950 quam
872 2852 1079 2950 Christianis,
1105 2873 1143 2929 et
1162 2855 1258 2927 hom.
1277 2854 1394 2926 XXX.

178 2951 221 3026 in
251 2947 333 3023 A&
360 2945 484 3043 Apost.
518 2951 687 3024 multorum
721 2952 755 3020 iu
781 2947 930 3041 Eeelefio
956 2953 1111 3026 mulorum
1145 2947 1278 3046 eausam
1313 2946 1395 3042 eſje,

275 3042 468 3212 doteriores
501 3045 597 3118 aliter
623 3050 778 3133 doceant,
818 3068 913 3137 quam
946 3046 1081 3118 virent:
1122 3043 1179 3139 qui
1209 3064 1326 3118 tamen
1348 3039 1396 3115 de

200 3138 275 3213 acer
311 3143 355 3214 tio
376 3140 398 3214 l.
424 3140 489 3214 ΠΙ.
515 3139 693 3237 agnoscit,
720 3139 829 3233 plures
855 3144 968 3227 bonos,
1024 3162 1097 3213 uum
1123 3140 1222 3212 rnulos
1252 3136 1313 3234 effe
1328 3137 1396 3234 se·

178 3236 342 3327 celotes,
367 3234 548 3333 postquam
572 3234 657 3312 vitia
684 3257 804 3310 eorum
828 3231 981 3308 recensui
1012 3253 1059 3309 et.
1111 3234 1198 3309 Vid.
1227 3238 1334 3307 etiarn
1349 3234 1396 3308 de

158 3351 352 3431 ,corrupto
373 3329 547 3406 Ecclesiae
579 3331 667 3408 statu
691 3327 866 3428 Chrysost.
899 3329 996 3410 hom.
1020 3330 1193 3406 XXXVI.
1228 3327 1265 3404 in
1294 3352 1324 3406 r.
1348 3329 1394 3405 ad

179 3426 347 3506 Corinth.
363 3427 524 3517 XXV1.,
550 3429 593 3503 ad
621 3453 654 3504 2.
672 3427 714 3502 ad
731 3429 834 3520 Con,
854 3427 922 3501 VI.
946 3425 988 3500 ad
1013 3448 1067 3524 ep.
1092 3426 1135 3502 ad
1149 3423 1301 3524 Ephel,
1326 3425 1387 3500 ubi

155 3519 416 3612 ,etiarn.dicit,
441 3524 580 3597 venales
608 3523 677 3598 effe
708 3526 928 3621 principatus
951 3520 1144 3612 Ecclefiae,
1169 3542 1207 3597 ut
1231 3541 1269 3596 et
1293 3523 1392 3599 hom.

150 3621 316 3701 ‚xxm
340 3617 474 3717 adep.
499 3620 541 3695 ad
560 3622 694 3711 Hebr.,
721 3619 872 3717 denique
894 3617 937 3691 de
956 3620 1184 3715 corruptione
1208 3617 1396 3694 hominum

152 3719 220 3798 ,iu
242 3716 385 3793 urbibus
423 3729 536 3791 contre
567 3733 797 3814 oppugnatores
831 3717 920 3790 nitoe
959 3713 1166 3811 Monosticoe
1197 3715 1220 3791 l.
1243 3715 1272 3788 1.
1320 3713 1395 3790 Ad·

175 3814 282 3892 datur
312 3810 501 3909 Ephraem.
526 3814 602 3912 Syr.
632 3809 800 3909 poroenefi
826 3811 953 3901 Vnt,
994 3829 1031 3884 et
1064 3812 1108 3886 de
1133 3810 1395 3885 Monachorum

179 3907 411 3998 corruptione
436 3910 545 4007 Oper.
572 3909 635 3983 Gr.
664 3928 690 3985 t.
718 3911 748 3984 1.
779 3906 817 3981 in
843 3905 990 4004 sermone
1014 3908 1058 3978 ad
1082 3906 1195 4001 vitiose
1226 3906 1392 3997 niventes,

147 4022 223 4081 ,et
248 4006 284 4078 in
306 4001 482 4099 defuneior.
532 4003 716 4102 Denique,
756 4025 803 4080 ne
826 4003 924 4101 plura
949 4022 1156 4099 congeram,
1197 3999 1394 4095 deplorabi-

146 4176 155 4198 ,,
174 4103 254 4183 lem
293 4096 469 4181 Ecclesiae
504 4100 827 4271 conditionepr‘.
846 4108 952 4294 ³383.
992 4097 1178 4201 graphice¹
1203 4091 1406 4299 depissipiitli
