3008 4830
160 138 227 206 ndu
545 121 692 220 Historia
717 117 843 219 Ereses.
872 119 984 219 Cirrist.

162 307 273 480 Epist.
301 304 432 406 Synod.
459 303 676 379 Antiochen.
701 302 793 402 apud
819 304 931 378 Baluz.
957 302 995 375 in
1021 323 1104 377 nov.
1131 303 1269 384 corten.
1295 328 1404 383 con·

162 429 222 481 cr.

210 498 243 601 s.
271 495 465 574 CCXLIV.
488 495 531 571 In
549 491 668 592 specie
690 490 876 584 notarunt,
900 513 939 570 et
948 495 1145 587 desierunt,
1169 496 1396 597 multiplices

162 595 244 673 lites
268 612 306 669 et
334 591 544 683 simultates,
570 590 695 687 partim
715 615 761 668 ex
783 591 1003 689 ambitione,
1027 592 1153 691 partim
1168 595 1390 693 opinionum

163 713 201 768 et
224 690 307 765 fidei
331 689 432 764 causa
456 706 568 779 ortas,
602 708 641 762 et
663 711 745 763 cum
769 690 899 762 mutuis
923 691 1122 782 calumniis,
1154 685 1388 767 accusationis

165 791 253 878 bus,
288 783 591 874 damnationibus,
626 783 869 860 vexationibus
899 785 1005 860 variis
1038 785 1253 882 conjunitas.
1301 784 1386 882 Qut

163 884 202 960 in
230 907 268 956 re
288 880 450 980 copiosus
471 879 522 954 est
547 880 696 979 Gregor.
719 881 910 972 Nazianz.,
935 884 988 956 uti
1010 881 1047 956 in
1072 882 1218 958 carmin.
1243 884 1289 957 de
1306 882 1386 953 vira

163 982 244 1070 sua,
270 981 377 1074 Oper.
405 994 492 1049 tom.
511 975 557 1050 11.
583 1000 618 1073 ρ.
646 999 724 1068 25.,
751 978 810 1051 ubi
836 995 934 1050 tanto
962 977 1079 1052 furore
1103 977 1190 1052 dicit
1213 974 1386 1054 Christia-

163 1100 231 1153 nos
256 1074 291 1148 se
316 1071 472 1147 invicem
504 1090 654 1168 petere,
695 1072 958 1161 tumultuando,
999 1072 1171 1148 faitiones
1195 1072 1386 1151 faciendo.

163 1168 345 1269 carpendo
372 1167 494 1267 -lingua
525 1166 655 1258 effera,
695 1168 918 1264 praedando,
961 1169 1078 1242 rabida
1104 1168 1289 1267 imperandi
1314 1168 1388 1243 fite

162 1293 226 1346 eos
250 1265 424 1374 agitante,
465 1283 505 1337 ut
530 1265 654 1341 orbern
685 1262 883 1339 universum
919 1261 1140 1354 divulserint,
1183 1288 1257 1341 non
1282 1255 1392 1340 sauss

162 1365 328 1464 pietatis,
359 1358 419 1434 sed
444 1357 516 1434 litis
541 1361 588 1436 ob
615 1360 773 1436 thronos.
815 1359 937 1471 Qualia
961 1359 1081 1435 fimiiia
1106 1360 1237 1458 ubique
1258 1375 1393 1437 secur·

121 1514 137 1546 ,x
161 1479 256 1534 runt.
306 1458 349 1532 In
377 1456 501 1552 primis
522 1454 559 1530 id
582 1455 658 1554 agit
681 1455 718 1528 in
743 1478 899 1529 carmine
921 1455 1026 1552 dese,
1052 1472 1084 1528 et
1109 1456 1262 1555 adversus
1278 1440 1397 1555 Epis·

162 1574 273 1649 copes,
296 1552 454 1628 aToliio
469 1553 563 1627 inter
580 1550 734 1626 carmina
759 1550 834 1646 ejus
860 1549 993 1628 inedita
1015 1554 1180 1648 vulgato,
1203 1574 1241 1630 et
1265 1556 1399 1652 oper·

162 1653 240 1749 ejus
268 1647 411 1724 carmin.
438 1648 490 1722 lx
514 1665 551 1720 et
576 1647 644 1736 X.,
678 1645 738 1719 ubi
754 1644 972 1722 sacerdotum
997 1647 1223 1747 inperitiam,
1255 1649 1406 1749 pravas

162 1767 256 1825 artes
279 1764 319 1818 et
334 1766 470 1834 mores,
495 1738 718 1840 perstringit3
741 1740 891 1852 adpellat
907 1767 1046 1842 quoque
1066 1768 1129 1818 eos
1155 1747 1411 1824 adoratores»

163 1841 320 1940 tempori
344 1840 558 1931 servientes,
601 1860 639 1913 et
672 1837 756 1910 hinc
781 1837 864 1910 lnde
887 1838 1114 1917 flusiuantes:
1156 1842 1241 1918 dein
1265 1842 1412 1933 exesas

163 1961 257 2030 mat,
298 1961 394 2031 qnam
417 1937 565 2030 indignos
596 1933 761 2030 unifines
787 1933 962 2008 terrenus!
1006 1937 1067 2011 Sic
1090 1935 1126 2010 in
1148 1938 1302 2036 synodis
1324 1930 1412 2027 '63‘

138 2040 215 2113 'cit
247 2057 285 2107 re
312 2054 395 2105 nare
428 2027 696 2117 contentiones,
730 2026 922 2122 santones,
963 2050 1001 2105 et
1035 2031 1240 2111 dominandi
1270 2032 1355 2111 stud
1368 2031 1412 2093 1

139 2145 242 2219 nm,
266 2057 423 2221 aieoque
448 2122 601 2198 successu
628 2145 765 2197 carere:
791 2145 896 2198 carm.
925 2126 972 2203 ΙΙ.
1008 2129 1115 2202 Tullii
1140 2128 1226 2207 edit.
1253 2150 1293 2206 et
1315 2128 1412 2229 e?

161 2248 222 2319 55.
247 2221 288 2295 ad
312 2210 545 2314 Procopium,
586 2219 696 2317 Oper.
723 2218 796 2314 ejus
829 2238 914 2297 tom.
940 2224 968 2296 1.
1021 2225 1114 2320 Ego,
1154 2223 1202 2301 fic
1230 2221 1412 2328 incipi&

140 2327 217 2399 stoc
243 2319 349 2391 animo
362 2312 460 2411 smn,
484 2331 520 2386 nt
541 2338 661 2390 omnem
681 2312 904 2413 Episcoporutn
928 2337 1113 2394 contentum
1118 2319 1279 2417 fugiam,
1304 2320 1412 2423 qod

142 2424 251 2498 ¹nium
269 2414 387 2485 nuliius
403 2413 531 2486 concilii
540 2412 643 2506 finem
662 2417 776 2486 bonnm
801 2416 868 2486 ridi
878 2471 888 2502 ,
914 2438 971 2489 nee
988 2421 1069 2510 quod
1082 2417 1289 2512 depulsorem
1307 2430 1394 2496 mr(
1404 2437 1412 2449 “

161 2522 263 2593 lorum
279 2514 406 2605 potins,
424 2533 519 2605 quarn
538 2514 787 2597 incrementum,
804 2511 964 2585 srnbuerit.
992 2516 1182 2587 Fertinates
1199 2523 1285 2593 enirn
1304 2542 1362 2592 con
1378 2531 1412 2561 ²

163 2613 345 2696 tentiones,
386 2623 417 2678 et
440 2608 624 2683 dominandi
647 2612 864 2702 cupiditates,
900 2612 1004 2683 serbis
1038 2614 1177 2703 exprimi
1208 2626 1412 2711 nequeunft

145 2705 258 2783 ¹Alibi
288 2728 393 2778 carm.
421 2706 463 2777 X.
490 2706 651 2778 adversus
674 2705 773 2777 falsos
799 2703 1007 2800 Episcopos,
1034 2708 1197 2804 Synodos
1222 2712 1412 2808 adpellac

160 2818 331 2877 conmotus
354 2823 472 2888 grnnm
499 2816 530 2870 et
553 2797 720 2894 anserum,
745 2799 800 2867 nii
825 2801 921 2886 risen,
947 2816 979 2871 et
995 2799 1080 2896 seru
1104 2825 1235 2900 pugna,
1262 2825 1295 2882 et
1309 2812 1393 2904 priv

161 2925 199 2973 us
218 2892 403 2990 abscondito
427 2897 561 2983 probro,
586 2916 666 2986 quae
679 2891 792 2984 ferale
815 2897 916 2973 odium
942 2915 1037 2990 parte
1061 2905 1103 2975 ab
1121 2916 1256 2996 utraque
1267 2909 1373 3001 parit.

162 2992 251 3071 Vid.
277 2987 384 3063 etiarn
412 2990 511 3063 Orat.
537 2989 640 3062 XIV.
666 2988 747 3074 ubi,
774 2987 866 3082 ipsos
891 2993 1121 3070 Orrsrodoxos
1145 2995 1262 3072 secum
1280 3022 1379 3077 acer·

160 3094 206 3169 be
234 3106 270 3160 et
295 3081 468 3158 hostiliter
490 3084 670 3173 diffidere,
711 3086 956 3179 conqueritur,
998 3109 1035 3163 et
1060 3116 1105 3164 err
1133 3091 1319 3170 discordiis
1341 3118 1383 3174 ac

158 3182 448 3261 contentionibus
479 3179 693 3274 suspicatur,
732 3178 856 3251 instare
895 3184 1180 3264 Antichristutn:
1231 3191 1381 3267 addatur

160 3285 259 3359 Orat.
286 3280 387 3366 XX.,
427 3274 486 3349 ubi
511 3278 649 3350 Cierum
679 3275 802 3350 misere
834 3295 872 3348 et
898 3282 1138 3377 multipliciter
1170 3311 1236 3383 per
1264 3304 1382 3366 toturn

161 3380 281 3455 orbem
315 3372 386 3447 effe
413 3372 557 3448 divisum
592 3371 716 3462 docet,
760 3369 845 3448 Vid.
872 3375 978 3448 etiarn
1011 3381 1108 3454 Orat.
1136 3383 1163 3456 1.
1196 3408 1230 3479 p.
1258 3408 1318 3481 33.
1343 3402 1379 3460 et

162 3480 197 3552 se
224 3530 254 3563 „
278 3470 325 3544 stc
347 3488 383 3542 et
412 3472 511 3546 Orat.
537 3470 623 3544 Vis.
649 3471 691 3542 ad
719 3468 803 3560 fin,
836 3469 994 3566 pastores
1016 3476 1089 3550 hoc
1116 3497 1278 3588 tempore
1314 3481 1386 3555 sese

160 3502 262 3650 striite
282 3588 427 3666 gerere,
452 3589 489 3641 et
506 3574 590 3644 oves
612 3564 833 3666 dispergere,
859 3569 974 3643 tradit.
1030 3572 1150 3648 Causas
1165 3576 1384 3651 dissidiorum

136 3696 169 3713 ,Α
241 3706 245 3713 .
770 3703 774 3709 -
1281 3673 1388 3750 Orat.
