842 1427
162 280 188 300 08
356 277 430 302 Historia
441 278 504 303 Eceles
511 278 576 303 ‘Christ-

162 330 174 342 ι
180 323 201 348 fi
214 322 244 347 ff
255 323 336 341 inventum
346 323 466 348 sacranffimae
480 323 559 349 paffionis
572 323 630 347 christi
642 326 771 344 monumentum,-

162 348 196 366 Sed
208 353 243 365 nou
256 352 336 369 crucem,
349 353 411 366 verum
424 348 545 372 sepulchrum,
558 348 644 375 intelligi,
662 347 771 366 clariflimum

161 371 187 390 est
199 376 221 389 ex
233 376 285 389 nexu.
310 370 371 389 Exstat
378 371 449 396 quidem
458 372 477 390 in
485 372 576 391 Chronico
583 372 657 394 Latino,
670 377 705 390 non
715 371 770 389 Grae·

159 401 193 417 co,
209 394 237 412 sed
250 394 315 418 spurius
328 394 354 413 est
367 395 425 418 locus,
441 402 462 414 ac
475 396 558 418 insertus,
575 396 601 414 uti
612 402 622 414 a
634 396 723 419 Scaligero
733 395 770 418 jam

159 418 186 437 est
198 419 315 437 observatum.
340 419 425 438 Produxit
447 426 503 444 uoque
515 419 629 439 Montfalcon
639 420 658 438 in
669 419 707 438 diff.
719 424 770 442 prae-

158 443 209 469 lirnin
227 443 249 460 ad
261 442 300 461 Eus.
314 448 368 461 comm.
381 444 403 461 ad
414 444 429 462 P
438 444 490 462 almas
504 444 585 462 nonnulla
593 449 616 462 ex
628 449 661 466 eo,
678 448 722 468 quae
731 447 769 460 cru-

159 467 185 486 cis
201 471 285 485 inventae
301 473 322 485 ac
334 467 458 486 miraculorum
474 468 584 486 mentionem
601 467 659 486 facere
674 467 769 488 videntur,

159 490 190 510 sed
202 490 309 509 contrarium
321 490 377 509 evicit
389 491 415 510 Cl.
427 491 527 515 Weffeling
538 491 560 510 ad
571 491 633 510 Itiner.
647 490 735 510 Hierosol.
748 495 767 516 p.

159 520 213 557 *seda*
236 514 254 532 in
271 520 305 538 quo
321 515 413 533 itinerario
429 515 494 534 nullum
511 521 581 539 quoque
598 516 635 539 ejus
651 515 677 534 rei
690 518 768 534 occurrit

158 545 177 558 m
190 544 250 557 icium.

181 563 197 587 ς.
209 562 276 581 LXVI.
294 563 337 581 Cum
350 567 408 581 tamen
424 562 481 581 fabula
492 562 520 581 illa
537 563 589 582 fidem
605 562 641 587 jam
658 562 693 581 hoc
708 561 768 579 seculo

158 586 258 608 invenerit,
274 586 296 604 de
315 586 438 610 superstitione
450 587 483 605 hac
491 592 540 611 parte
552 587 670 606 invalescente
678 586 723 604 clare
732 585 767 603 tes-

156 615 213 632 tatur,
225 610 301 628 maxime
313 616 353 629 cum
364 610 409 629 adeo
423 610 517 635 magnifice
530 611 552 630 de
564 617 584 629 ea
597 612 676 635 loquatur
685 609 766 628 Ambros.

157 634 169 653 l.
181 639 208 656 e.,
221 639 292 652 crucem
304 634 349 652 illam
357 634 444 658 adpellans
451 635 528 654 vexillum
531 634 605 659 salutis,
614 635 699 653 remedium
708 634 766 651 inmor-

157 659 242 680 talitatis,
252 658 324 676 Romam'
331 658 393 681 Inperii
400 657 507 682 praesidium,
516 659 581 678 addens
588 665 623 683 qun
636 664 668 680 ue,
677 658 765 676 Helenam

156 688 221 700 crucem
234 683 251 700 in
264 683 316 705 capite
329 682 393 705 Regum
406 682 483 706 elevafft,
504 688 522 701 ut
535 688 575 701 crux
590 664 647 707 Clerffllr·
659 683 676 700 in
688 681 765 705 Regibus

155 706 235 726 adoretur.
261 706 313 724 Nihil
326 706 396 730 quidem
409 706 435 726 def
443 706 500 725 crucis
511 706 615 726 adoratione
628 705 663 725 sese
675 706 710 724 hoc
719 710 764 723 tem-

156 736 201 754 pore
214 730 279 752 offert,
301 730 382 749 Ambros.
395 730 448 748 etiam
458 731 523 749 diserte
536 731 591 753 dicit,
611 737 641 749 non
653 731 665 748 Ir'
678 735 714 748 num
726 729 764 746 ado-

155 760 220 776 ramus,
243 754 363 777 uodgemilium
376 754 449 778 est‚sed
460 759 506 777 enm,
522 756 549 778 qui
560 756 576 772 in
588 760 605 772 eo
612 759 661 778 pepm
673 755 692 772 it.
713 753 759 771 Nar-

153 783 181 797 rat
198 778 227 802 qui
240 784 269 796 em
281 777 360 796 Paulinus
372 778 382 796 l.
395 778 426 796 cit.
441 778 548 802 Episcopum
559 778 702 803 Hierosolymae,
724 782 763 794 cru-

154 807 193 820 cem
204 802 260 824 illam,
274 806 354 825 tempore
368 801 454 825 paschatis
467 802 569 826 quotannis,
581 803 679 820 adorandam
696 801 762 824 populo

153 831 265 850 proponere,
278 825 307 843 sed
321 831 363 843 mox
376 831 407 849 per
415 827 532 844 venerationem
541 826 627 849 explicat:
641 826 693 843 multa
702 829 761 842 tamen

152 849 218 868 nimiae
232 854 251 867 et
265 849 393 873 superstitiosae
406 849 484 873 prostant
497 849 615 868 venerationis
629 848 702 869 indicia;
720 853 761 871 qua-

152 873 169 892 le
185 873 225 891 illud
238 879 273 891 non
286 877 353 891 tantum
367 872 402 895 est,
424 873 472 897 cujus
485 874 539 892 modo
551 874 625 892 memini
642 879 664 891 ex
680 871 767 893 Paulino,>

152 897 182 916 sed
196 902 214 915 et
228 897 274 920 quod
287 897 374 915 creditum
387 897 451 920 fuerit,
472 897 494 916 de
507 897 541 916 isto
553 898 610 916 crucis
623 897 671 921 ligno
684 895 760 920 particu-

151 921 176 940 las
188 921 273 939 continuo
285 921 351 939 abrasas
367 921 417 939 fuiss‘e
434 921 470 940 fine
486 921 519 939 ulla
535 922 573 945 ejus
591 921 720 941 diminutione,
741 923 761 937 et

165 945 199 963 uod
211 950 244 969 qua
257 944 346 962 uaversurn
360 944 419 962 miss'ae
432 945 476 966 fint,
494 945 519 963 ita
534 950 553 962 ut
569 945 659 963 universus
675 943 722 962 orbis
738 943 761 961 iis

150 951 206 988 Fuerit
218 975 249 992 rep
257 973 303 987 etus.
318 968 362 986 Vid.
375 968 435 992 Cyrill.
447 973 482 987 cat.
496 968 531 990 IV,
545 969 561 986 X
576 974 594 987 et
607 969 657 987 XIII.
673 973 691 986 et
704 968 761 994 Chry-

150 992 190 1011 sost.
204 992 252 1011 hum.
266 996 327 1011 contra
343 992 429 1016 Judaeus,
450 997 468 1010 et
482 992 561 1014 Gentes,
582 993 637 1016 Oper.
657 997 669 1011 t.
687 992 700 1010 I.
718 992 758 1013 ubi,

150 1016 224 1035 frustum
236 1016 281 1034 illius
294 1016 338 1040 ligni
354 1016 389 1040 jam
403 1016 425 1034 de
438 1016 485 1034 collo
501 1015 560 1034 solitos
580 1017 630 1035 fuiss'e
652 1015 760 1035 Christianos

163 1047 212 1059 erere
226 1039 334 1064 suspensum,
357 1040 417 1058 refert.
440 1039 495 1058 Addit
511 1040 570 1064 Cyrill.
590 1041 641 1059 Alex.
657 1046 720 1059 comm.
737 1039 759 1057 ad

149 1047 222 1084 {achan
235 1071 252 1089 p.
268 1066 302 1084 812
316 1069 339 1082 ex
351 1063 406 1086 sarna,
427 1069 468 1082 cum
483 1069 534 1082 cruce
547 1064 631 1083 inventos
644 1064 678 1083 effe
694 1064 758 1085 clavos,

149 1088 168 1108 ei
180 1089 237 1107 adhuc
251 1088 333 1111 insertos,
354 1093 449 1112 eorumque
462 1093 517 1106 unum
529 1088 580 1107 freno
593 1089 634 1113 equi
650 1088 675 1107 sui
692 1088 759 1106 inseru-

150 1112 182 1132 isse
201 1113 332 1136 inperatorem,
352 1117 371 1130 et
387 1118 409 1130 eo
426 1117 436 1130 a
456 1111 542 1130 nonnullis
564 1112 626 1131 referri
646 1111 761 1136 prophetiam

148 1136 204 1161 zach.
211 1137 263 1157 XIV.
268 1136 299 1156 fin.
308 1136 399 1161 observat,
408 1141 442 1156 uec
449 1136 536 1161 inprobat.
546 1136 589 1157 Vid.
599 1141 669 1162 quoque
676 1135 763 1178 Theoffgt-
