3008 4830
144 682 222 778 596
554 672 704 777 &storia
733 674 863 779 sicclus.
888 672 1004 779 Cirris.

147 853 297 957 scripti,
339 878 359 929 a
391 852 555 929 Salnrafiu
588 880 610 930 e
643 854 862 933 Bibliotheca
903 852 1049 931 Tbuaoi
1076 850 1198 945 eruti,
1241 852 1365 951 rescrip-

148 971 241 1045 tum,
265 954 409 1046 acceptis
432 952 555 1047 Synodi
574 950 697 1049 gestis,
722 956 846 1027 dutum.
898 956 1068 1026 Ceterum
1089 954 1210 1048 capita
1225 952 1269 1025 dc
1283 973 1372 1025 rnor-

151 1068 191 1123 te
213 1047 419 1141 temporali,
444 1066 482 1120 et
509 1069 664 1144 peccato
689 1050 873 1145 originali,
898 1048 937 1122 in
961 1072 1007 1121 eo
1030 1064 1273 1121 memorantur
1294 1047 1369 1123 sola.

149 1144 310 1221 Hunorii
338 1142 529 1239 rescriptum
555 1166 621 1238 pet
649 1141 793 1239 lingulae
812 1145 946 1218 suarum
961 1141 1263 1311 praefedluraruna
1278 1142 1369 1216 dioe-

150 1236 246 1313 ceses
269 1258 353 1311 mox
375 1238 639 1335 promulgarunt
666 1260 736 1312 tres
761 1238 932 1313 Praeseiii
991 1238 1170 1328 raetorio,
1214 1240 1369 1312 Palladius

150 1332 188 1409 in
213 1332 312 1407 Italia
336 1352 375 1405 et
391 1332 554 1430 lllyricu,
580 1333 719 1410 Flavius
734 1336 928 1409 Munatius
951 1330 989 1407 in
1007 1333 1180 1423 Oriente,
1205 1353 1245 1407 et
1270 1332 1369 1430 Agri·

149 1430 228 1505 cula
250 1429 287 1503 in
314 1426 458 1520 Galliis,
496 1428 596 1503 edito
623 1428 762 1519 ebibo,
805 1452 876 1539 quo
901 1432 979 1502 urbe
1004 1430 1259 1504 submoventur
1282 1430 1373 1503 Pela-¹

177 1523 260 1599 iani.
312 1524 412 1626 Quae
436 1524 587 1621 phrasis,
610 1546 630 1599 a
655 1522 843 1599 Praefectis
865 1524 1047 1623 praetorio
1075 1526 1259 1623 usurpata,
1300 1524 1373 1599 exi·

149 1546 238 1698 fiunt
263 1642 282 1693 a
306 1620 471 1693 Romano
493 1619 640 1715 inperio
673 1620 838 1711 denotat,
881 1640 920 1694 ut
947 1642 993 1693 ex
1024 1619 1102 1718 ipso
1136 1622 1209 1693 hoc
1241 1617 1375 1709 ediiio,

149 1740 221 1793 nec
246 1738 314 1788 non
343 1736 388 1787 ex
412 1712 584 1810 rescripto
601 1716 830 1811 luperatutin,
855 1733 966 1813 patet.
1014 1718 1086 1789 Sed
1111 1714 1219 1789 aliurn
1250 1734 1289 1789 et
1320 1738 1372 1787 re·

151 1808 362 1887 striiiiorem
391 1810 498 1883 habet
526 1810 661 1884 sensum
686 1810 724 1884 in
748 1809 876 1885 edidiit
897 1808 1062 1901 Praeseili
1078 1813 1206 1902 Urbis,
1232 1809 1369 1907 quotes

149 1904 389 2002 expullionem
421 1928 441 1977 e
483 1908 593 1981 mutia
625 1904 752 1998 Urbia,
794 1907 853 1981 vel
886 1906 930 1982 ad
962 1906 1196 1981 centesimum
1225 1906 1364 2005 lapidem

148 2022 306 2085 tantum,
327 1999 509 2090 significat.
707 2030 713 2051 =
1254 2028 1261 2043 ·
1362 2008 1365 2013 '

189 2094 231 2269 p.
253 2096 490 2173 CLXXXIV.
517 2097 667 2196 Excepit
690 2096 806 2173 statim
829 2120 860 2173 a.
880 2116 966 2189 419.
1000 2120 1133 2173 novum
1156 2095 1370 2195 Inperatotit

146 2214 189 2269 re
204 2190 354 2289 criptum
394 2194 436 2268 ad
471 2194 672 2284 Aurelium,
713 2194 900 2270 Primatem
933 2190 1089 2270 Africae.
1151 2197 1242 2269 Cum
1272 2192 1365 2267 enirn

147 2292 192 2366 ad
230 2311 327 2363 aures
361 2290 576 2381 inperatoris
603 2286 770 2379 venisset,
820 2289 858 2363 in
891 2286 1012 2363 Africa
1048 2287 1118 2364 esse
1153 2292 1360 2386 Episcopus,

147 2386 207 2484 qui
233 2388 290 2459 vel
316 2383 531 2458 damnationi
556 2386 688 2480 Pelagii
723 2407 795 2459 non
819 2384 1107 2479 subscripserant,
1151 2390 1212 2460 vel
1237 2385 1361 2483 Pelagi-

147 2481 340 2568 anismam,
381 2479 595 2554 Christianae
620 2484 774 2555 libertati
800 2499 837 2551 et
869 2480 1073 2556 tolerantiae
1104 2480 1270 2572 litantes,
1299 2486 1369 2554 do·

145 2578 222 2650 ceri
248 2576 418 2661 sinerent,
444 2576 526 2646 illud
553 2578 672 2647 severe
693 2574 895 2664 prohibuit,
922 2578 1071 2672 eosque,
1108 2579 1169 2673 qui
1196 2601 1268 2651 nou
1295 2578 1369 2650 sub·

145 2670 321 2756 scribant,
356 2671 414 2741 vel
446 2669 488 2740 ad
512 2669 711 2742 haereticos
746 2673 982 2762 conniveant,
1016 2692 1173 2746 autnon
1204 2673 1363 2767 detegant

146 2765 398 2862 inpediantve,
440 2769 622 2862 praecepit
654 2767 884 2857 deponendus
918 2784 955 2836 et
986 2768 1205 2863 relegandos.
1266 2769 1366 2864 Cujus

145 2864 304 2958 rescripti
347 2860 545 2952 exemplum
591 2888 634 2936 ex
677 2861 854 2935 Vaticano
895 2859 1020 2935 codice
1065 2863 1150 2936 sistit
1194 2868 1365 2941 Batonius.

148 2961 344 3037 Observato
369 2955 508 3050 dignum
533 2957 603 3047 cst,
630 2960 872 3051 {operatorem
893 2954 929 3027 in
956 2980 1001 3028 co
1019 2958 1163 3050 dicere,
1180 2961 1223 3058 se
1248 2967 1283 3034 in
1304 2963 1366 3055 pti·

146 3080 200 3129 ore
223 3058 319 3128 edisio
345 3051 487 3141 [etlilium
517 3054 578 3148 effe
604 3054 729 3126 Aurelii
761 3050 910 3147 Episcopi
928 3055 1113 3147 juditium,
1147 3080 1209 3151 quo
1244 3057 1363 3147 consta·

144 3153 225 3238 but,
250 3174 301 3239 eut
318 3151 361 3221 ab
379 3145 552 3241 imitersss,
572 3151 685 3250 justae
695 3149 882 3245 sententiae
904 3154 1165 3240 exaniat-tione,
1192 3152 1256 3249 effe
1280 3157 1361 3227 dant·

145 3260 255 3320 notos.
305 3247 592 3335 Aureliusvero,
627 3251 679 3320 sris
706 3244 864 3319 Honorii
888 3245 1015 3318 litteris
1037 3248 1216 3340 acceptis,
1261 3273 1367 3347 ency-

140 3341 267 3418 clicam
297 3339 434 3435 scripsit
467 3343 509 3413 ad
546 3340 668 3417 omnes
703 3344 902 3435 byzacenos
935 3360 971 3414 et
1006 3342 1262 3440 Arzugitanos,
1303 3366 1367 3444 qua

141 3432 359 3537 inperatoris
384 3433 494 3509 edidia
522 3438 602 3533 ipsis
626 3434 834 3511 notificavit.
889 3440 976 3509 Cum
1011 3462 1098 3512 vcro
1131 3442 1277 3517 Romae
1309 3442 1366 3517 ad·

61 3570 65 3581 ·
137 3541 213 3614 huc
235 3529 388 3607 latitaret
412 3531 600 3619 celestius,
645 3550 682 3604 et
706 3531 976 3625 Pelagianismus
1013 3535 1107 3608 vires
1140 3541 1362 3633 acquireret,

137 3624 383 3715 Constantius,
407 3648 538 3717 genere
557 3628 712 3724 Illyrius,
739 3648 840 3701 antea
863 3628 1015 3702 lionorii
1041 3626 1247 3709 fortiffimur
1273 3637 1359 3721 dux,

139 3749 237 3810 nunc
262 3746 371 3811 veru,
406 3721 553 3796 Placidia
584 3724 657 3819 ejus
684 3722 801 3796 sorore
831 3723 954 3810 dueta,
991 3724 1026 3798 in
1060 3726 1279 3805 consortium
1310 3731 1365 3802 In·

138 3820 234 3931 perii
256 3817 407 3892 adscitus
428 3840 458 3893 a.
478 3839 579 3909 421„
603 3821 862 3917 Pelagianorum
882 3820 991 3895 hostis
1018 3825 1230 3906 acerrimus.
1269 3826 1361 3900 litte·

137 3943 193 3999 ras
212 3914 340 3987 eodem
364 3934 474 3993 anno.
501 3914 653 4005 praefuit
675 3917 769 3990 eninr
798 3917 1012 3993 sextantum
1031 3920 1184 4009 menses,
1216 3923 1258 3997 ad
1284 3923 1361 3997 Vo-

137 4016 326 4098 lulianum,
362 4010 576 4125 praefectum
593 4011 704 4099 Urbi,
739 4012 881 4126 dedit&
901 4016 1044 4128 quibus.
1059 4016 1355 4129 Celestius'ilrbe

129 4105 361 4267 papcllcudm
380 4128 617 4213 praecipitur,
646 4131 729 4267 cum
752 4110 900 4208 reliquia
925 4112 1131 4212 Pelagtamt
1180 4117 1370 4311 Ιιέἷξιέὶιὲιιιιιε
