3008 4830
422 591 427 597 Ι
590 648 698 731 Serui.
718 634 797 733 ”W
1270 670 1306 745 ,9

101 828 236 929 stipatur,
262 827 316 909 ibi
343 830 523 923 turbaret,
549 847 588 905 et
614 830 651 908 in
678 831 932 909 Athanasianoi
957 830 1132 924 saeviret,
1162 832 1301 932 ipsese

101 928 285 1019 subducens,
310 928 468 1012 Romam
493 926 627 1002 seceffit
650 952 682 1003 a.
712 952 805 1025 341,
828 929 1009 1027 praemissa
1023 928 1181 1026 Epistola
1205 953 1317 1025 cnop.

102 1026 169 1099 clito
191 1024 232 1099 ad
256 1048 381 1098 omnes
405 1024 501 1099 orbis
523 1022 741 1123 Episcopus,
781 1049 869 1123 quae
893 1024 987 1098 inter
1010 1026 1085 1121 ejus
1111 1049 1219 1124 opera
1245 1028 1301 1101 su·

102 1116 214 1217 perest,
244 1140 333 1223 qua,
365 1120 453 1217 quid
479 1119 712 1195 Alexandriae
736 1118 851 1195 assum
876 1118 948 1211 est,
988 1140 1168 1211 narratur,
1212 1120 1302 1195 sicut
1401 1164 1404 1170 -

103 1216 185 1299 etin
213 1216 289 1310 ejus
324 1216 458 1313 lriJioria
480 1218 679 1289 Arionoruin
706 1214 748 1289 ad
774 1216 996 1304 Monachus,
1034 1216 1122 1290 ibid.
1165 1215 1310 1290 Mansit.

104 1312 271 1385 triennium
295 1313 456 1403 Romae,
494 1329 533 1385 et
560 1312 599 1385 in
622 1310 768 1407 Synodo
794 1312 971 1387 Romana*
987 1312 1161 1385 absolutus
1192 1310 1242 1384 est
1276 1332 1300 1385 a

107 1407 180 1507 Jusio
197 1410 288 1506 Papa
314 1432 335 1481 a
358 1405 562 1485 criminibus
587 1405 747 1505 inpastis.
794 1406 884 1479 Eum
912 1405 963 1480 ibi
975 1404 1131 1505 synopſsri
1148 1410 1298 1502 Scriptu-

106 1524 164 1591 rre,
177 1502 267 1577 inter
283 1523 392 1600 opera
408 1503 482 1600 ejus
499 1501 661 1590 obviarn,
686 1500 944 1598 conscripsisse,
971 1503 1130 1577 nonnulli
1148 1504 1297 1599 opinan-

103 1618 165 1689 tur,
185 1597 242 1681 sed
268 1622 346 1672 eam
371 1620 444 1671 non
468 1597 536 1672 esse
559 1594 740 1681 Athanasii
759 1598 831 1694 jam
857 1595 1106 1671 demonstrarit
1124 1598 1306 1671 Montsah.

97 1695 230 1769 cunin
261 1697 338 1773 ¹uita
362 1691 565 1783 Athanasii,
606 1712 693 1768 torn.
717 1694 765 1766 ΙΙ.
798 1716 898 1766 nonar
923 1692 1111 1766 collectionis
1140 1693 1305 1767 Parrum:-

86 1810 240 1869 autorem
263 1790 395 1864 habete
416 1786 596 1887 juniorem
623 1786 846 1861 Athanasium
873 1788 940 1861 sec.
967 1789 1016 1862 V.
1042 1788 1221 1882 probabile
1245 1789 1303 1863 fe·

90 1889 140 1973 cit
162 1885 294 1961 Fabiic.
319 1884 416 1958 Bibl.
441 1884 504 1957 Gr.
530 1885 552 1957 l.
579 1882 628 1957 V.
675 1884 838 1957 Moratur
872 1881 910 1957 in
940 1879 1053 1955 exilio
1085 1884 1185 1958 ada.
1212 1907 1296 1980 349.

83 1981 192 2057 rediit
203 1979 470 2067 Alexandriani,
494 1977 674 2075 postquam
698 2000 729 2052 a.
755 1998 836 2074 347.
859 2000 879 2049 a
901 1977 1094 2051 sardicens.
1121 1978 1306 2074 Occidenffi

85 2079 207 2164 talium
230 2075 391 2155 concilio,
412 2072 497 2147 enee·
520 2075 710 2161 absolutus,
736 2091 774 2146 et
800 2096 820 2145 a
845 2070 1033 2145 Constante
1062 2073 1220 2170 Augusto
1247 2073 1300 2148 se·

76 2176 159 2262 rio,
188 2195 255 2245 nec
278 2170 350 2243 sirie
373 2168 480 2242 minis
504 2168 652 2257 additis,
678 2167 765 2242 esset
782 2167 986 2242 Constantio
1004 2167 1100 2240 fratri
1117 2192 1300 2243 commen·

70 2271 208 2359 datus,
233 2290 252 2339 a
276 2289 347 2362 quo
372 2266 487 2360 itaque
506 2263 688 2338 restitutus
714 2261 785 2349 est,
811 2261 966 2360 epistolis
995 2264 1031 2336 in
1057 2265 1130 2357 ejus
1149 2266 1299 2361 gratiam

69 2364 210 2453 missis,
250 2381 288 2436 ut
312 2360 424 2435 refert
448 2358 611 2433 Athanas·
634 2363 655 2435 l.
681 2382 712 2433 c.
761 2358 929 2445 Versatur
961 2356 1012 2431 est
1042 2359 1298 2450 Alexandriae,

66 2466 119 2541 ad
155 2484 189 2532 a.
223 2465 304 2551 356·
341 2480 412 2552 quo
443 2454 612 2550 temporis
644 2452 758 2550 spatio
792 2456 970 2549 apologiam
1004 2452 1137 2549 scripsit
1171 2478 1297 2531 contra

64 2556 237 2637 Arianos
255 2576 285 2626 a.
312 2575 331 2647 3
335 2574 417 2641 δα,
442 2574 506 2644 qua
524 2572 643 2623 eorum
664 2549 852 2624 calumnias
869 2571 913 2622 ex
934 2548 1019 2622 aliis
1036 2568 1072 2621 et
1090 2572 1297 2625 monumen·

64 2645 120 2730 tis
144 2647 364 2723 authenticis
388 2644 549 2718 convicit
576 2645 750 2734 falsitatis,
777 2666 845 2717 nec
871 2667 943 2717 non
969 2646 1148 2741 Epistulam
1170 2647 1213 2718 de
1231 2648 1297 2719 Nie

56 2748 192 2829 caenis
216 2745 372 2833 decretis,
404 2760 441 2813 et
463 2741 563 2814 asiam
583 2741 633 2820 ,de
656 2739 828 2837 sententio
854 2739 1004 2835 Dionpsti
1026 2743 1241 2814 Alexandrini
1264 2766 1296 2817 a.
1360 2766 1371 2795 ·

90 2869 162 2939 52.
191 2838 308 2927 Dein,
342 2860 421 2911 cuni
442 2835 481 2908 in
504 2837 646 2933 Synodo
671 2835 863 2909 Arelatensi
889 2858 917 2909 a.
945 2859 1050 2931 353„
1079 2857 1116 2909 et
1146 2837 1294 2911 Medio·

52 2874 211 3021 Jirnensi
228 2958 258 3016 a.
286 2955 390 3028 355„
414 2930 533 3005 denuo
549 2931 635 3005 esset
652 2932 848 3021 damnatus,
876 2932 984 3004 musta
1008 2954 1146 3028 quoque
1172 2933 1298 3029 caedet

51 3043 113 3119 ab
141 3025 369 3119 adversariis,
392 3026 500 3121 ipsam
523 3025 711 3101 Ecclesiam
735 3025 1025 3123 irrumpentibus,
1052 3028 1139 3102 esset
1164 3052 1295 3125 perpe·

55 3148 195 3215 trata,
221 3129 318 3197 trrtiu
340 3122 374 3196 se
396 3122 556 3197 subduxit
577 3122 664 3193 -vice
688 3147 719 3196 a.
745 3128 837 3212 356,
870 3140 907 3193 et
937 3144 1000 3215 per
1025 3122 1158 3215 septem
1184 3146 1296 3197 annor

46 3226 217 3305 exulem
250 3217 334 3316 egit.
381 3216 511 3292 Invasit
536 3215 672 3290 scilicet
698 3215 815 3293 sedem
840 3213 1065 3289 Alexandrin.
1092 3215 1292 3313 Georgius,

50 3328 138 3403 vir.
157 3315 322 3416 pessimae
347 3311 464 3403 vitae,
496 3331 534 3385 et
559 3310 753 3401 Catholici,
769 3309 847 3384 -vel
870 3307 1114 3398 ,Athanasianh
1146 3310 1184 3386 iu
1210 3312 1295 3387 ΑΕ·

50 3405 1044 3601 aiteio-‘sitientia‘tristitiae
1063 3405 1292 3579 aazia

49 3617 102 3694 fit
128 3628 230 3683 vero
250 3600 291 3686 'in
309 3559 503 3681 ‚re’rnotiora
530 3597 697 3697 AEgypti
730 3599 818 3699 loca.
864 3597 972 3696 Quod
1001 3619 1088 3670 vero
1123 3598 1294 3681 Palladius

49 3708 150 3791 hist.
181 3705 277 3785 Laus
303 3697 332 3771 i
357 3696 485 3785 viri,
519 3701 600 3770 euni
622 3697 681 3768 seir
706 3715 814 3767 annos
839 3692 928 3786 apud
952 3694 1008 3766 -vir
1034 3693 1129 3766 inem
1154 3692 1293 3771 latuisse

52 3800 204 3888 tradit,
233 3815 302 3892 pro
324 3790 440 3865 fabusii
466 3792 607 3888 quidem
634 3790 753 3864 haberi
776 3789 882 3879 solet,
907 3789 965 3862 sed
981 3717 1083 3883 iiem
1102 3809 1219 3864 tamen
1235 3815 1291 3867 re·

52 3906 137 3991 fert
166 3899 316 3979 Sozom.
343 3889 394 3962 H.
421 3887 461 3963 E.
488 3888 509 3961 l.
534 3889 584 3977 V.
594 3941 611 3978 ,
635 3888 694 3983 qui
709 3884 827 3983 addit,
854 3908 930 3986 eam
947 3884 1296 3967 omniumfoeminar

49 4022 139 4078 mm
159 3983 520 4091 pulcherrimam„ad
535 3982 737 4056 miraculum
755 3980 884 4079 usque,
903 3979 1015 4054 fuisse.
1032 3980 1188 4093 :Scripsit
1207 3996 1296 4057 utero

41 4099 96 4193 jn
124 4078 388 4166 secretioribus
409 4077 477 4159 illio
502 4079 615 4159 eremi
638 4078 749 4171 locis,
782 4095 928 4175 praeter,
946 4067 1300 4175 variarepistolasaii

82 4188 202 4284 som,
230 4180 301 4267 W·
674 4176 705 4257 Β
1147 4180 1293 4263 gregem
