3074 4838
163 688 245 789 aar
396 630 400 645 ’
555 678 706 781 innata
719 678 858 781 accos.
882 674 1003 781 onoc.

167 900 226 955 cur
252 884 380 957 autem,
406 852 455 941 fi'c
474 880 538 958 pet
564 858 613 952 it',
637 862 691 934 issi
713 858 973 959 infunderetur,
995 872 1034 932 ur
1060 858 1313 954 persuadeatur,
1338 862 1394 939 illi

169 987 279 1047 autem
294 990 353 1041 non
367 968 440 1053 ita,
456 962 516 1031 duo
523 886 600 1056 fivia
615 957 844 1055 respondertse
856 955 961 1055 poffr:
987 956 1165 1031 &altitudo
1179 961 1386 1036 divitiarum!
1407 1036 1412 1048 ,

169 1084 285 1143 arnum
301 1060 458 1155 iniquitas
472 1058 558 1149 opud
572 1053 707 1127 Deum?
731 1058 837 1128 Unde
854 1070 974 1150 patet,
998 1053 1146 1149 gratiam
1163 1072 1300 1131 tantum
1314 1080 1392 1131 mo·

167 1164 297 1249 talem,
320 1155 380 1231 cui
396 1150 505 1227 resisti
521 1148 656 1247 potest,
680 1154 724 1225 ab
741 1152 818 1258 ipso
834 1146 997 1237 admitti,
1020 1170 1108 1245 quae
1126 1168 1246 1225 tamen
1262 1154 1299 1233 in
1314 1151 1392 1227 asiis

168 1274 305 1330 certum
325 1251 432 1325 habet
450 1246 634 1334 efficium,
651 1245 745 1342 quod
760 1243 1103 1341 mperscrutabihtati
1119 1245 1193 1320 Dei
1209 1246 1388 1326 adtribuit.

168 1348 276 1427 Nihil
292 1348 353 1421 hic
368 1344 511 1420 videtur
530 1342 646 1438 regeri
661 1339 781 1437 posse,
799 1337 882 1428 nist,
906 1339 1001 1436 quod
1019 1340 1201 1436 Janseniut
1218 1344 1391 1440 disputat,

168 1447 294 1523 librum
312 1440 382 1516 esse
406 1437 592 1535 scriptum,
618 1460 698 1512 cum
721 1434 899 1533 principia
915 1434 1207 1533 Semi-pelagiana
1232 1442 1390 1517 nondum

167 1538 399 1639 deposuisset:
427 1534 520 1632 quod
535 1530 697 1630 precario
713 1532 922 1619 adsumitur,
939 1551 1007 1604 nec
1026 1551 1107 1605 tunc
1124 1533 1167 1606 ad
1187 1533 1225 1606 in
1255 1535 1388 1613 erscru·

168 1636 276 1712 tabise
291 1632 362 1707 Dei
382 1628 561 1707 confilium
578 1626 772 1721 confugere
788 1624 927 1700 necesse
944 1627 1103 1701 habebat.
1152 1559 1254 1724 rofi
1267 1633 1388 1708 crede·

166 1756 207 1808 ¹⁶
225 1727 492 1899 smisso
504 1720 1042 1893 insessoribus
1064 1745 1173 1891 nso·
1197 1726 1402 1898 {stis

166 1849 313 2021 {illusit
337 1915 563 1991 vocationem
588 1872 784 2009 attiguum,
807 1936 892 2021 quoe
904 1934 968 1984 uno
981 1873 1116 2007 timpora
1135 1842 1198 1988 noi
1216 1846 1379 2013 efficerer,

184 2018 224 2088 ed
244 2016 310 2088 alio
331 2016 366 2089 t’d
376 2010 534 2107 sooner,
560 2008 598 2084 in
622 2010 713 2083 libro
736 2011 765 2083 1.
788 2010 832 2083 ad
856 2006 1136 2101 simplicianum,
1161 2011 1216 2085 O'
1262 2070 1271 2087 .
1296 2033 1383 2093 tom.

208 2114 237 2188 l.
262 2136 299 2212 p.
325 2117 383 2205 69.
432 2104 517 2184 Vid.
543 2124 582 2179 et
604 2105 703 2201 plura
724 2105 802 2179 ioca
823 2126 842 2178 a
864 2104 989 2178 Vossio
1003 2104 1171 2200 congesta
1209 2163 1220 2184 .
1253 2110 1338 2188 Vis.

357 2292 807 2378 PRAEDESTINATIO
827 2293 898 2368 AD
933 2295 1203 2391 GRATIAM,

602 2487 671 2561 ET
705 2484 955 2562 GLORIAM·
1104 2542 1106 2547 -

179 2678 182 2683 ’
214 2680 246 2781 5.
272 2677 378 2754 CXC.
428 2678 517 2752 Cum
567 2674 851 2774 Semi-pelagiani
890 2674 1070 2753 hominem
1119 2674 1307 2759 statuerint
1342 2682 1385 2762 ad

159 2779 307 2879 gratiam
332 2774 402 2849 Dei
429 2773 618 2864 salutarem,
636 2774 864 2871 pervenire,
916 2773 1100 2847 occasione
1139 2779 1384 2872 operationum

1 2954 20 2969 ‚
165 2871 391 2975 propriarum
423 2891 469 2943 ex
504 2870 637 2942 viribus
676 2867 915 2942 naturalibus:
958 2865 1313 2965 praedestinationem
1344 2876 1384 2953 ad

163 2994 243 3049 eam
267 2967 416 3066 gratiam
440 2987 512 3038 non
538 2964 611 3038 dari
637 2966 843 3051 absolutam,
882 2961 941 3036 sed
965 2963 1268 3059 conditionatam,
1300 2995 1382 3048 con.

161 3067 302 3142 ditione
325 3066 367 3135 ab
393 3060 538 3134 homine
586 3059 780 3149 raestanda‚
814 3075 852 3130 et
877 3082 898 3132 a
920 3058 999 3131 Deo
1025 3061 1202 3155 praevisa,
1235 3088 1282 3140 ex
1304 3068 1382 3143 illo·

161 3184 244 3236 rum
267 3155 472 3257 hypothesi,
499 3082 641 3255 quiique
664 3154 769 3229 facile
796 3152 959 3250 percipit.
1011 3154 1174 3247 Deinde,
1201 3183 1283 3236 cum
1302 3186 1382 3274 per·

161 3255 356 3333 severantia
380 3256 424 3327 ab
447 3251 588 3326 homine
640 3252 767 3346 ropriir
790 3247 945 3340 viribus,
968 3272 989 3324 a
1013 3251 1122 3348 gratia
1148 3252 1183 3326 in
1206 3258 1385 3357 principio

161 3349 273 3435 datis,
298 3346 339 3419 stt
363 3345 583 3443 praestanda,
608 3276 718 3442 itque
746 3367 786 3417 ea
809 3342 925 3419 salutis
949 3342 1180 3441 inpetrandae
1200 3355 1386 3450 conditio,

160 3439 434 3549 praedestinatio
461 3441 674 3516 adsalutem
701 3440 825 3513 itidem
853 3463 898 3514 ex
923 3441 1141 3536 praevisione
1156 3448 1386 3540 perseveran-

158 3545 235 3621 tiae
257 3536 406 3613 derivari
437 3536 565 3612 debuit.
618 3537 717 3637 Quae
749 3534 856 3608 etiam
881 3559 965 3609 vera
990 3535 1058 3610 fuit
1089 3560 1214 3615 eorum
1233 3547 1377 3638 opinio,

156 3637 215 3719 uti
232 3657 278 3710 ex
303 3631 432 3710 litteris
451 3629 581 3706 Hisarii
604 3654 647 3705 ac
666 3630 827 3726 Prosperi
851 3629 896 3703 ad
914 3632 970 3704 Au
998 3630 1167 3726 ustinum,
1194 3659 1234 3711 ut
1264 3657 1301 3710 et
1331 3662 1381 3718 ex

157 3730 287 3810 Fausto
310 3728 333 3804 l·.
360 3730 388 3805 1.
412 3749 445 3803 cr
464 3732 531 3815 ·6.,
561 3726 721 3824 aliisque,
750 3726 802 3801 est
827 3725 957 3800 manife
991 3751 1059 3803 um.
1106 3731 1244 3805 Nullam
1259 3731 1386 3836 itaque

186 3823 517 3903 raedestinationem
543 3823 585 3899 ad
608 3823 735 3912 fidem,
770 3825 896 3898 nuliam
918 3823 961 3896 ad
985 3825 1307 3923 perseverantiam,
1342 3852 1383 3909 et

156 3850 321 4009 ialutem,
345 3920 560 4007 statuerunt,
584 3917 655 3994 nist.
673 3919 710 3993 iu
735 3917 923 4015 aliquibus,
951 3942 1038 4014 quos
1064 3924 1161 3998 Deus
1182 3919 1243 3999 sua
1269 3929 1383 4026 gratia

183 4015 366 4098 mevenit:
407 4018 457 4088 ita
482 4029 553 4125 ut,
569 4018 647 4110 qaia
670 4012 817 4110 diversae
830 4015 915 4110 sunt
929 4018 1137 4111 vocationes,
1170 4023 1282 4097 verba
1306 4026 1385 4097 sunt

200 4107 383 4215 oswi-od
404 4107 640 4213 anguinum
646 4164 660 4209 ,
691 4115 728 4192 itt
758 4111 811 4191 bit
832 4112 887 4269 ptri
911 4111 996 4189 nihii
1011 4121 1181 4212 operaturi
1189 4115 1394 4317 smiq'uutifi

142 4224 188 4247 Ἰ...

190 4266 196 4277 ι
