3074 4838
678 644 786 773 electri.
809 684 874 767 IV.
1311 714 1384 791 259

155 892 241 947 cern
264 866 375 970 Oper.
399 864 594 960 Ambrofii,
624 866 698 944 live
720 867 785 961 srt,
818 889 859 946 ut
875 883 1041 969 putatur,
1067 866 1230 946 Hilarius
1244 870 1379 951 Diaco-

159 991 228 1043 nus
251 968 454 1058 Romanus,
486 966 559 1041 five
582 966 690 1057 alius,
730 969 855 1064 utique
879 966 1062 1065 antiquus,
1100 967 1143 1041 ad
1171 992 1203 1043 r.
1230 969 1273 1043 ad
1298 973 1380 1047 Cor.

159 1064 244 1139 Xll:
271 1087 329 1159 31.
379 1065 474 1136 Inter
498 1065 596 1137 initia
617 1065 692 1156 fieri
716 1069 873 1156 oportuit,
908 1084 945 1137 ut
968 1060 1191 1155 fundamenta
1209 1065 1294 1162 fidei
1318 1091 1377 1141 ac·

156 1165 304 1257 ciperem
318 1161 533 1257 firmitatem,
558 1183 642 1235 nunc
667 1179 775 1233 autem
801 1176 861 1233 non
883 1180 959 1257 opus
977 1157 1040 1254 est,
1071 1163 1148 1254 quia
1167 1164 1302 1257 populus
1315 1184 1375 1259 po·

153 1260 270 1353 pulum
293 1261 425 1330 adducit
446 1257 491 1331 ad
514 1255 634 1352 fidem,
677 1280 748 1330 cum
774 1259 921 1330 ridemur
945 1278 1049 1328 eorum
1075 1261 1158 1329 bona
1180 1281 1302 1356 opera,
1341 1277 1375 1334 rt

154 1353 357 1449 praedicario
381 1349 533 1448 fimplex.
581 1352 688 1426 Nulla
719 1350 879 1427 miracula
904 1371 998 1423 nunc
1031 1351 1086 1425 edi
1112 1353 1255 1427 testatur
1288 1380 1375 1453 quo·
1469 1397 1474 1407 -

152 1480 156 1485 ·
187 1472 232 1523 ue
254 1448 429 1548 Chrylost.
462 1449 559 1522 hom.
584 1447 791 1523 XXlV.-in
824 1449 977 1546 Jolrann.
1012 1464 1050 1517 et
1084 1448 1151 1521 Vl.
1186 1451 1224 1524 in
1263 1473 1296 1524 ι.
1329 1451 1374 1528 ad

149 1474 323 1620 ‘zorintn
372 1543 470 1617 Alibi
502 1544 642 1640 quidem
668 1543 832 1619 miracula
857 1539 987 1620 Christi
1009 1541 1100 1616 dicit
1125 1562 1163 1616 et
1191 1566 1286 1617 nunc
1308 1546 1373 1620 fie-

159 1643 213 1730 ri,
236 1641 279 1712 ad
302 1641 354 1715 Ps.
381 1642 473 1714 CIX.
496 1641 555 1712 sed
579 1640 710 1737 qualia,
743 1642 891 1736 exponit
915 1638 957 1711 ad
981 1637 1032 1712 Ps.
1057 1640 1132 1713 CX.
1184 1642 1288 1714 Nulla
1315 1646 1376 1716 mi·

155 1739 292 1825 rocula,
313 1736 447 1832 ,inquit
474 1735 695 1833 ¹Augustinus
721 1735 764 1808 de
796 1763 874 1812 uara
900 1736 1051 1830 religione
1079 1733 1112 1832 ᾗ.
1135 1758 1196 1831 ay.
1232 1735 1315 1832 sum
1338 1742 1372 1812 r'rt

156 1829 266 1924 nostra
293 1848 435 1926 tempora
468 1835 584 1907 durare
612 1829 784 1927 permifflr:
824 1833 881 1906 sed
904 1832 983 1905 illud
1016 1830 1054 1905 in
1080 1832 1176 1907 libris
1198 1832 1377 1910 Remuria·

157 1936 279 2099 {nynia
305 1928 506 2026 restringit,
546 1945 584 2003 et
606 1927 681 2025 ipse
705 1930 865 2003 recenset
894 1928 1027 2024 aliqua,
1066 1926 1111 2001 de
1138 1930 1235 2007 Ciuir.
1260 1930 1329 2003 Dei
1352 1933 1376 2009 l.

231 2027 275 2099 l.
299 2046 332 2099 c.
357 2034 391 2106 8.

194 2119 240 2219 5.
263 2120 436 2195 CCXLII.
468 2119 567 2193 Inter
591 2116 851 2219 superstitiosae
874 2117 1079 2196 devotionis
1104 2119 1196 2217 sagra
1221 2121 1296 2196 hoe
1321 2122 1374 2198 se·

154 2218 240 2292 culo
268 2218 341 2313 Jam
367 2238 502 2312 quoque
533 2218 650 2291 locum
673 2217 795 2291 habuit
818 2214 924 2315 sacra
946 2219 1188 2313 peregrinatio,
1229 2218 1270 2292 ad
1297 2219 1375 2295 loca

158 2310 275 2390 saneta
307 2311 698 2388 Hierolol.vis1tanda:
739 2312 784 2386 de
816 2336 883 2409 qua
916 2313 989 2388 vid.
1024 2315 1075 2387 Cl.
1109 2309 1308 2411 Weffeling
1334 2313 1375 2390 in

159 2408 305 2486 Diliert.
335 2408 491 2505 praefixa
523 2410 701 2484 Itinerario
732 2408 890 2505 Hierosol.
944 2408 1019 2481 Alii
1049 2408 1175 2496 enirn,
1218 2409 1377 2503 baptismi

151 2503 280 2597 eausa,
319 2526 423 2603 quem
457 2504 495 2578 in
519 2505 672 2603 Jordane
695 2506 866 2602 putabant
898 2500 1103 2577 sanniorem
1137 2521 1174 2576 et
1196 2502 1376 2589 efficacio-

158 2624 256 2692 rem,
289 2622 336 2675 eo
361 2600 572 2691 tendebant,
605 2601 729 2676 Euseb.
756 2600 794 2674 in
820 2597 1001 2676 Onomast.
1030 2599 1068 2674 in
1093 2621 1184 2675 voce
1208 2602 1376 2675 Bethaba-

155 2723 219 2788 ra,
242 2713 281 2771 et
305 2694 373 2770 vit.
391 2692 509 2770 Const.
532 2698 601 2773 IV:
628 2703 686 2773 62.
736 2696 809 2770 Alii
832 2719 956 2795 preces
979 2695 1027 2770 ibi
1046 2697 1129 2771 Deo
1155 2696 1374 2774 censuerunt

157 2792 230 2870 effe
251 2792 442 2891 gratiores,
467 2814 547 2866 curn
571 2792 667 2889 quod
690 2815 748 2866 eas
770 2793 821 2867 Ps.
849 2793 1033 2868 CXXXII:
1060 2816 1093 2887 7.
1128 2793 1372 2869 commendari

209 2888 384 2978 taverint,
424 2885 549 2963 Euseb.
577 2888 643 2962 vit.
679 2886 797 2962 Const.
823 2889 889 2964 111:
913 2909 973 2979 42.
1006 2906 1044 2960 et
1069 2887 1307 2984 Hieronymus
1329 2888 1376 2963 ad

157 2912 384 3074 Kimcellam,
418 3001 493 3057 tum
520 2985 567 3058 ob
593 2981 756 3082 reliquias
772 2984 943 3076 Domini,
967 2982 1026 3080 qni
1051 2982 1103 3057 ibi
1126 2983 1278 3058 versatus
1301 2981 1373 3073 est,

155 3100 201 3156 et
219 3080 425 3171 crucifixus,
451 3098 491 3153 ut
514 3079 629 3152 crucis
652 3080 841 3165 inventae,
866 3077 1060 3152 secundum
1085 3099 1209 3153 eorum
1232 3075 1374 3175 opinio·

158 3196 256 3255 nem.
301 3175 400 3266 Alii,
431 3173 570 3250 itineris
593 3171 766 3249 molestias
802 3172 928 3270 aliquid
961 3171 1004 3245 ad
1030 3191 1176 3266 peccata
1202 3173 1376 3271 expianda

157 3270 352 3364 conferre,
382 3268 445 3346 fibi
468 3272 721 3368 persuaserunt.
773 3267 863 3345 Vid.
898 3262 1073 3367 chrysost.
1106 3269 1149 3342 ad
1180 3269 1232 3345 Pl.
1257 3270 1376 3363 CIX,

158 3366 382 3445 Theodoret.
407 3366 451 3441 ad
475 3369 545 3464 Jos.
569 3369 598 3444 1.
648 3365 754 3443 Zach.
779 3367 845 3442 ΙΙΙ.
870 3383 908 3442 et
935 3383 1058 3440 contra
1073 3363 1239 3442 'Graecos
1261 3366 1373 3443 Serm.

156 3467 206 3548 X.
230 3463 363 3540 Paulin.
389 3462 520 3539 Nolan.
540 3487 597 3561 ep.
626 3470 684 3559 36.
708 3463 751 3537 ad
775 3463 989 3538 Macarium.
1034 3459 1116 3535 Fuit
1139 3482 1258 3538 autem
1284 3481 1378 3538 tem·

114 3558 118 3565 ’
185 3584 248 3638 ore
263 3558 487 3655 'Hieronymi
525 3582 669 3658 magnus
701 3559 983 3656 Hierosolymam
1015 3557 1224 3648 confluxus,
1258 3576 1298 3632 ut
1329 3580 1378 3634 ex

208 3660 283 3731 ulae
313 3672 353 3730 et
382 3650 564 3729 Eustochii
596 3678 655 3767 ep.
689 3655 732 3729 ad
765 3655 994 3740 Marcellam,
1032 3652 1125 3728 inter
1158 3654 1380 3752 Hieronym.

151 3754 280 3832 XVII.
304 3768 417 3849 patet.
468 3751 546 3849 lpse
574 3753 815 3849 Hieronymus
838 3773 896 3919 ey.
918 3749 1075 3826 XXVII.
1098 3749 1144 3826 ad
1166 3747 1380 3847 Eustochium

151 3848 268 3925 uicit:
301 3851 400 3946 cujus
418 3850 503 3924 enlm
530 3851 641 3943 gentis
666 3848 849 3923 loninesa
887 3846 1009 3943 sanita
1030 3849 1101 3920 loca
1125 3870 1187 3921 non
1215 3848 1380 3922 ueniant?

152 3969 184 4022 a
206 3940 324 4025 multia
346 3965 488 4055 quoque
512 3942 685 4032 sacrorum
715 3940 905 4041 praefertis
926 3941 992 4019 iste
1013 3963 1091 4015 mos
1123 3941 1279 4020 laudatus
1302 3939 1380 4034 est,

156 4036 299 4118 meritis
323 4058 432 4116 ettam
463 4039 765 4139 peregrinantium
789 4038 829 4114 in
862 4042 1001 4115 coelum
1025 4035 1175 4116 sublatis.
1225 4041 1384 4148 Fuerunt

157 4136 272 4218 etiam
295 4132 457 4217 mmm·
485 4134 938 4308 locorum.lan61}oyum-iu
960 4132 1150 4219 Palaestina
1173 4131 1386 4310 constatuutya
